3484 5225
828 631 986 688 ...36-

395 761 583 835 Nam‘sub
610 766 743 849 Dario,
775 776 812 834 et
839 766 956 833 Xerxe
986 774 1023 833 et
1053 764 1263 850 Artaxerxe,
1302 756 1417 829 tribus

391 889 436 956 iis
448 884 619 984 deinceps
637 883 813 971 aetatibus,
836 883 920 983 plus
937 883 1117 955 malorum
1132 906 1232 981 passa
1248 895 1302 953 est
1318 885 1417 954 Grae·

393 1013 448 1082 cia
463 1027 575 1106 quam
591 1007 718 1106 viginti
732 1007 809 1080 aliis
825 1022 908 1080 ante
925 1011 1077 1079 Darium
1099 1005 1263 1080 aetatibus
1280 1016 1304 1077 ¹.

441 1135 682 1232 Praeterquam
695 1132 796 1231 quod
811 1137 921 1234 signis
935 1137 1145 1234 praenuntiis
1167 1129 1417 1221 attendebant,

391 1258 429 1331 id
462 1284 614 1357 quoqne
644 1258 798 1356 agebant
822 1274 865 1329 ut
892 1284 935 1330 ex
965 1262 1129 1356 praesenti
1161 1282 1284 1329 rerum
1317 1271 1414 1329 statu

394 1376 660 1481 aug'urarcntur
695 1381 812 1479 qualis
845 1381 927 1454 finis
963 1386 1095 1481 incepti
1131 1381 1283 1478 alicujus
1319 1396 1408 1453 esset

393 1501 554 1579 futurus
567 1511 712 1605 Septem
738 1507 996 1578 illiPersarum
1019 1512 1208 1606 optimates
1223 1531 1268 1578 eo
1285 1506 1412 1602 majori

394 1630 526 1704 fiducia
551 1631 718 1703 Smerdin
739 1630 786 1701 de
817 1630 898 1702 loco
930 1656 998 1702 suo
1023 1629 1263 1726 dejiciendum
1293 1656 1414 1703 snsce-

394 1771 550 1853 perunt,
573 1771 765 1855 postquam
796 1771 932 1854 septem
954 1760 1167 1854 accipitrum
1197 1760 1317 1856 paria,
1344 1779 1415 1854 pa·-

399 1884 452 1951 ria
480 1879 554 1951 duo
582 1880 769 1951 vulturum
792 1885 1046 1978 persequentia
1075 1878 1259 1967 vidissent,
1284 1894 1324 1950 ut
1352 1878 1414 1951 illa

394 2003 609 2077 dilaniarent
627 2017 659 2074 ².
684 2010 813 2076 Darius
834 2020 1029 2103 postquam
1057 2010 1143 2101 equi
1171 2004 1314 2075 hinnitu
1351 2028 1413 2073 rex

391 2127 599 2228 designatus
610 2129 752 2221 fuisset,
769 2135 906 2200 tonitru
924 2145 977 2200 est
990 2128 1156 2201 auditum
1169 2129 1255 2199 caelo
1269 2153 1410 2220 sereno,

391 2278 473 2349 quae
494 2260 594 2350 signa
614 2260 718 2350 quasi
745 2277 828 2324 cum
857 2258 967 2324 Dario
993 2256 1234 2351 conspirantia
1260 2277 1411 2350 regnum

392 2374 732 2472 ejus'finnarnntss.
762 2382 844 2449 Non
871 2403 953 2450 raro
983 2402 1084 2449 mens
1109 2378 1300 2449 hominum
1333 2402 1410 2449 crea

391 2500 477 2581 dula
493 2518 529 2573 et
547 2502 689 2592 stolida,
713 2506 748 2572 in
770 2500 886 2573 rebus·
906 2502 1040 2573 nullius
1065 2527 1213 2600 prorsus
1235 2506 1410 2573 momenti

289 2621 295 2632 ⁴
392 2642 429 2698 et
450 2633 601 2698 omnino
619 2627 948 2725 praetermittendis,
979 2627 1186 2699 futurorum
1213 2625 1345 2698 indicia
1359 2630 1410 2698 vi-

392 2748 513 2821 debat.
531 2755 588 2820 Sic
607 2756 769 2850 Zopyrus
787 2757 823 2821 in
842 2751 941 2830 mula
967 2768 1111 2850 partum
1135 2759 1239 2825 enixa
1268 2765 1412 2850 porten-

391 2890 469 2945 tum
493 2873 664 2947 divinitus
689 2875 854 2946 oblatum
875 2875 1067 2974 Babylonis
1090 2875 1273 2976 capiendae
1301 2875 1407 2963 vidit,

390 2999 548 3096 indeque
565 2999 656 3070 hanc
671 2999 816 3091 urbem,
834 3026 878 3071 eo
902 3026 980 3098 qno
997 3005 1128 3072 scimus
1148 3000 1279 3092 modo,
1300 3003 1409 3071 Dario

390 3124 557 3197 tradendi
578 3123 767 3196 consilium
784 3132 880 3223 cepit
898 3125 924 3194 4.
947 3124 1135 3196 Interdum
1155 3151 1210 3197 res
1227 3124 1410 3197 absurdis·

390 3255 489 3322 simae
517 3265 689 3345 tanquam
723 3249 887 3347 prodigia
915 3250 960 3321 ab
987 3249 1175 3322 Herodoto
1202 3249 1407 3334 traduntur.

389 3377 513 3464 Quum
542 3398 634 3472 equa
668 3374 829 3472 leporem
864 3381 969 3445 enixa
1005 3390 1119 3464 esset,
1154 3373 1244 3472 quid
1277 3379 1409 3449 certius

389 3514 466 3569 erat
483 3523 592 3594 quam
610 3496 688 3570 fore
706 3515 747 3570 ut
763 3497 946 3598 expeditio
966 3499 1135 3571 adversus
1152 3503 1297 3572 Graeeos
1310 3513 1408 3571 tanto

386 3637 563 3722 apparatu
597 3641 762 3722 suscepta
796 3623 889 3696 male
921 3648 1063 3697 cessura
1096 3638 1187 3695 esset
1208 3618 1249 3693 ⁵?
1287 3627 1406 3695 Pisces

417 3907 423 3932 ¹
443 3877 624 3960 tier.,v1,'98.

311 4027 326 4052 .
416 3993 426 4022 ²
445 3996 515 4057 Her„
529 4006 574 4058 m,
590 3999 631 4044 76,

416 4088 425 4116 ¹
444 4091 515 4150 tien,
534 4102 578 4151 ιιι,
596 4093 635 4138 86.

414 4185 423 4212 ⁴
442 4187 513 4247 Han,
532 4199 576 4245 ιιι,
596 4189 648 4234 ¹53.
667 4183 704 4235 ct.
718 4185 801 4237 AEseh.
820 4187 920 4251 agam,
938 4195 971 4248 ιι,
990 4189 1043 4238 itt.
1057 4213 1088 4226 -
1107 4188 1115 4217 ⁵
1134 4187 1204 4250 tter„
1223 4195 1275 4247 ιιι,
1287 4189 1325 4236 57,

1592 1524 1593 1541 t

1592 1562 1593 1571 ι

1592 1590 1593 1605 ι

1430 1828 1436 1845 Ι

1592 1928 1593 1947 t

1592 2292 1593 2303 t

1592 2370 1593 2379 ι

1592 2408 1593 2423 ι
