<?xml version="1.0" encoding="UTF-8"?>
<!DOCTYPE html PUBLIC "-//W3C//DTD XHTML 1.0 Transitional//EN"
    "http://www.w3.org/TR/xhtml1/DTD/xhtml1-transitional.dtd">
<html xmlns="http://www.w3.org/1999/xhtml" xml:lang="en" lang="en">
 <head>
  <title>
</title>
<meta http-equiv="Content-Type" content="text/html;charset=utf-8" />
  <meta name='ocr-system' content='tesseract 3.04.00' />
  <meta name='ocr-capabilities' content='ocr_page ocr_carea ocr_par ocr_line ocrx_word'/>
</head>
<body>
  <div class='ocr_page' id='page_1' title='image "./quidapudherodot00lacrgoog_0035.png"; bbox 0 0 3484 5225; ppageno 0'>
   <div class='ocr_carea' id='block_1_1' title="bbox 752 644 913 700">
    <p class='ocr_par' dir='ltr' id='par_1_1' title="bbox 752 644 913 700">
     <span class='ocr_line' id='line_1_1' title="bbox 752 644 913 700; baseline 0.006 -15"><span class='ocrx_word' id='word_1_1' title='bbox 752 644 913 700; x_wconf 73' lang='grc'><strong>...31-</strong></span> 
     </span>
    </p>
   </div>
   <div class='ocr_carea' id='block_1_2' title="bbox 285 755 1351 3232">
    <p class='ocr_par' dir='ltr' id='par_1_2' title="bbox 319 755 1345 1218">
     <span class='ocr_line' id='line_1_2' title="bbox 319 755 1345 871; baseline 0.003 -27"><span class='ocrx_word' id='word_1_2' title='bbox 319 777 429 845; x_wconf 85' lang='lat' dir='ltr'><strong>morti</strong></span> <span class='ocrx_word' id='word_1_3' title='bbox 447 763 534 843; x_wconf 86' lang='lat' dir='ltr'><strong>eum</strong></span> <span class='ocrx_word' id='word_1_4' title='bbox 553 755 691 843; x_wconf 88' lang='lat' dir='ltr'><strong>tradere</strong></span> <span class='ocrx_word' id='word_1_5' title='bbox 707 771 910 844; x_wconf 84' lang='lat' dir='ltr'><strong>decreverit</strong></span> <span class='ocrx_word' id='word_1_6' title='bbox 943 783 967 845; x_wconf 78' lang='lat'><strong>¹.</strong></span> <span class='ocrx_word' id='word_1_7' title='bbox 994 776 1108 871; x_wconf 89' lang='lat' dir='ltr'><strong>Cujus</strong></span> <span class='ocrx_word' id='word_1_8' title='bbox 1125 775 1224 848; x_wconf 83' lang='lat' dir='ltr'><strong>filius</strong></span> <span class='ocrx_word' id='word_1_9' title='bbox 1241 781 1345 849; x_wconf 88' lang='lat' dir='ltr'><strong>Cam·</strong></span> 
     </span>
     <span class='ocr_line' id='line_1_3' title="bbox 320 880 1344 1003; baseline 0.004 -34"><span class='ocrx_word' id='word_1_10' title='bbox 320 898 427 995; x_wconf 83' lang='lat' dir='ltr'><strong>byses</strong></span> <span class='ocrx_word' id='word_1_11' title='bbox 460 897 626 968; x_wconf 85' lang='lat' dir='ltr'><strong>Smerdin</strong></span> <span class='ocrx_word' id='word_1_12' title='bbox 652 894 803 969; x_wconf 82' lang='lat' dir='ltr'><strong>fratrem</strong></span> <span class='ocrx_word' id='word_1_13' title='bbox 830 880 987 991; x_wconf 85' lang='lat' dir='ltr'><strong>occidit,</strong></span> <span class='ocrx_word' id='word_1_14' title='bbox 1023 905 1109 1003; x_wconf 83' lang='lat' dir='ltr'><strong>quia</strong></span> <span class='ocrx_word' id='word_1_15' title='bbox 1144 906 1181 971; x_wconf 88' lang='lat' dir='ltr'><strong>in</strong></span> <span class='ocrx_word' id='word_1_16' title='bbox 1210 902 1344 975; x_wconf 77' lang='lat' dir='ltr'>throno</span> 
     </span>
     <span class='ocr_line' id='line_1_4' title="bbox 320 1021 1344 1121; baseline 0.005 -28"><span class='ocrx_word' id='word_1_17' title='bbox 320 1021 505 1093; x_wconf 78' lang='lat' dir='ltr'><strong>sedentem</strong></span> <span class='ocrx_word' id='word_1_18' title='bbox 522 1046 564 1093; x_wconf 87' lang='lat' dir='ltr'><strong>ac</strong></span> <span class='ocrx_word' id='word_1_19' title='bbox 588 1024 722 1094; x_wconf 90' lang='lat' dir='ltr'><strong>vertice</strong></span> <span class='ocrx_word' id='word_1_20' title='bbox 749 1036 844 1095; x_wconf 89' lang='lat' dir='ltr'><strong>astra</strong></span> <span class='ocrx_word' id='word_1_21' title='bbox 863 1038 1066 1121; x_wconf 81' lang='lat' dir='ltr'><strong>tangentem</strong></span> <span class='ocrx_word' id='word_1_22' title='bbox 1087 1048 1216 1097; x_wconf 90' lang='lat' dir='ltr'><strong>somno</strong></span> <span class='ocrx_word' id='word_1_23' title='bbox 1242 1026 1344 1099; x_wconf 86' lang='lat' dir='ltr'><strong>vide-</strong></span> 
     </span>
     <span class='ocr_line' id='line_1_5' title="bbox 322 1157 420 1218; baseline -0.01 0"><span class='ocrx_word' id='word_1_24' title='bbox 322 1160 377 1218; x_wconf 89' lang='lat' dir='ltr'><strong>rat</strong></span> <span class='ocrx_word' id='word_1_25' title='bbox 394 1157 420 1217; x_wconf 84' lang='lat'><strong>².</strong></span> 
     </span>
    </p>

    <p class='ocr_par' dir='ltr' id='par_1_3' title="bbox 323 1267 1347 1866">
     <span class='ocr_line' id='line_1_6' title="bbox 370 1267 1345 1374; baseline 0.006 -35"><span class='ocrx_word' id='word_1_26' title='bbox 370 1275 471 1341; x_wconf 88' lang='lat' dir='ltr'><strong>Bona</strong></span> <span class='ocrx_word' id='word_1_27' title='bbox 483 1267 711 1374; x_wconf 31' lang='lat' dir='ltr'><strong>fide&#39;somnia</strong></span> <span class='ocrx_word' id='word_1_28' title='bbox 724 1284 918 1343; x_wconf 85' lang='lat' dir='ltr'><strong>narrantur</strong></span> <span class='ocrx_word' id='word_1_29' title='bbox 933 1271 1127 1369; x_wconf 89' lang='lat' dir='ltr'><strong>Polycratis</strong></span> <span class='ocrx_word' id='word_1_30' title='bbox 1143 1272 1244 1363; x_wconf 81' lang='lat' dir='ltr'><strong>filiae,</strong></span> <span class='ocrx_word' id='word_1_31' title='bbox 1257 1278 1345 1345; x_wconf 90' lang='lat' dir='ltr'><strong>Ota-</strong></span> 
     </span>
     <span class='ocr_line' id='line_1_7' title="bbox 323 1390 1345 1495; baseline 0.003 -31"><span class='ocrx_word' id='word_1_32' title='bbox 323 1398 397 1482; x_wconf 79' lang='grc'><strong>1111,</strong></span> <span class='ocrx_word' id='word_1_33' title='bbox 424 1400 563 1492; x_wconf 73' lang='lat' dir='ltr'><strong>Hippiae</strong></span> <span class='ocrx_word' id='word_1_34' title='bbox 577 1390 605 1464; x_wconf 80' lang='grc'><strong>3.</strong></span> <span class='ocrx_word' id='word_1_35' title='bbox 624 1398 712 1485; x_wconf 81' lang='lat' dir='ltr'><strong>Quae</strong></span> <span class='ocrx_word' id='word_1_36' title='bbox 736 1410 856 1469; x_wconf 87' lang='lat' dir='ltr'><strong>tamen</strong></span> <span class='ocrx_word' id='word_1_37' title='bbox 880 1402 1050 1495; x_wconf 84' lang='lat' dir='ltr'><strong>praesagia</strong></span> <span class='ocrx_word' id='word_1_38' title='bbox 1071 1418 1259 1494; x_wconf 89' lang='lat' dir='ltr'><strong>nunquam</strong></span> <span class='ocrx_word' id='word_1_39' title='bbox 1274 1396 1345 1467; x_wconf 89' lang='lat' dir='ltr'><strong>fre·</strong></span> 
     </span>
     <span class='ocr_line' id='line_1_8' title="bbox 323 1518 1347 1617; baseline 0.004 -28"><span class='ocrx_word' id='word_1_40' title='bbox 323 1523 517 1617; x_wconf 90' lang='lat' dir='ltr'><strong>quentiora</strong></span> <span class='ocrx_word' id='word_1_41' title='bbox 541 1518 641 1591; x_wconf 69' lang='lat' dir='ltr'><strong>suere</strong></span> <span class='ocrx_word' id='word_1_42' title='bbox 664 1546 732 1592; x_wconf 89' lang='lat' dir='ltr'><strong>nec</strong></span> <span class='ocrx_word' id='word_1_43' title='bbox 761 1536 902 1593; x_wconf 87' lang='lat' dir='ltr'><strong>tantum</strong></span> <span class='ocrx_word' id='word_1_44' title='bbox 936 1527 1110 1593; x_wconf 86' lang='lat' dir='ltr'><strong>momenti</strong></span> <span class='ocrx_word' id='word_1_45' title='bbox 1137 1522 1347 1594; x_wconf 87' lang='lat' dir='ltr'><strong>habuerunt</strong></span> 
     </span>
     <span class='ocr_line' id='line_1_9' title="bbox 324 1621 1346 1739; baseline 0.001 -25"><span class='ocrx_word' id='word_1_46' title='bbox 324 1621 436 1739; x_wconf 87' lang='lat' dir='ltr'><strong>quam</strong></span> <span class='ocrx_word' id='word_1_47' title='bbox 467 1667 552 1714; x_wconf 91' lang='lat' dir='ltr'><strong>cum</strong></span> <span class='ocrx_word' id='word_1_48' title='bbox 577 1650 711 1715; x_wconf 83' lang='lat' dir='ltr'><strong>Xerxes</strong></span> <span class='ocrx_word' id='word_1_49' title='bbox 740 1651 936 1716; x_wconf 86' lang='lat' dir='ltr'><strong>exercitum</strong></span> <span class='ocrx_word' id='word_1_50' title='bbox 971 1644 1140 1717; x_wconf 84' lang='lat' dir='ltr'><strong>adversus</strong></span> <span class='ocrx_word' id='word_1_51' title='bbox 1171 1650 1346 1717; x_wconf 85' lang='lat' dir='ltr'><strong>Graeciam</strong></span> 
     </span>
     <span class='ocr_line' id='line_1_10' title="bbox 325 1766 1347 1866; baseline 0.002 -29"><span class='ocrx_word' id='word_1_52' title='bbox 325 1781 417 1838; x_wconf 86' lang='lat' dir='ltr'><strong>esset</strong></span> <span class='ocrx_word' id='word_1_53' title='bbox 445 1766 624 1838; x_wconf 89' lang='lat' dir='ltr'><strong>ducturus</strong></span> <span class='ocrx_word' id='word_1_54' title='bbox 650 1766 682 1837; x_wconf 73' lang='lat'><strong>⁴.</strong></span> <span class='ocrx_word' id='word_1_55' title='bbox 716 1768 809 1840; x_wconf 77' lang='lat' dir='ltr'><strong>cum</strong></span> <span class='ocrx_word' id='word_1_56' title='bbox 839 1772 936 1853; x_wconf 87' lang='lat' dir='ltr'><strong>enim</strong></span> <span class='ocrx_word' id='word_1_57' title='bbox 969 1784 1150 1841; x_wconf 89' lang='lat' dir='ltr'><strong>nocturno</strong></span> <span class='ocrx_word' id='word_1_58' title='bbox 1182 1785 1347 1866; x_wconf 88' lang='lat' dir='ltr'><strong>tempore</strong></span> 
     </span>
    </p>

    <p class='ocr_par' dir='ltr' id='par_1_4' title="bbox 285 1890 1351 3232">
     <span class='ocr_line' id='line_1_11' title="bbox 285 1890 1345 1991; baseline 0.001 -30"><span class='ocrx_word' id='word_1_59' title='bbox 285 1909 287 1914; x_wconf 82' lang='lat'>&#39;</span> <span class='ocrx_word' id='word_1_60' title='bbox 325 1890 509 1963; x_wconf 88' lang='lat' dir='ltr'><strong>hominem</strong></span> <span class='ocrx_word' id='word_1_61' title='bbox 539 1905 675 1963; x_wconf 88' lang='lat' dir='ltr'><strong>statura</strong></span> <span class='ocrx_word' id='word_1_62' title='bbox 703 1892 906 1991; x_wconf 76' lang='lat' dir='ltr'><strong>praegrandi</strong></span> <span class='ocrx_word' id='word_1_63' title='bbox 935 1892 1096 1982; x_wconf 86' lang='lat' dir='ltr'><strong>vidisset,</strong></span> <span class='ocrx_word' id='word_1_64' title='bbox 1130 1908 1171 1964; x_wconf 91' lang='lat' dir='ltr'><strong>ut</strong></span> <span class='ocrx_word' id='word_1_65' title='bbox 1198 1891 1345 1991; x_wconf 90' lang='lat' dir='ltr'><strong>expedi·</strong></span> 
     </span>
     <span class='ocr_line' id='line_1_12' title="bbox 325 1996 1344 2116; baseline 0.001 -29"><span class='ocrx_word' id='word_1_66' title='bbox 325 2021 461 2087; x_wconf 86' lang='lat' dir='ltr'><strong>tionem</strong></span> <span class='ocrx_word' id='word_1_67' title='bbox 491 2032 617 2088; x_wconf 87' lang='lat' dir='ltr'><strong>contra</strong></span> <span class='ocrx_word' id='word_1_68' title='bbox 644 2022 813 2105; x_wconf 85' lang='lat' dir='ltr'><strong>Graecos,</strong></span> <span class='ocrx_word' id='word_1_69' title='bbox 849 1996 949 2087; x_wconf 84' lang='lat' dir='ltr'><strong>nulla</strong></span> <span class='ocrx_word' id='word_1_70' title='bbox 987 2044 1086 2089; x_wconf 88' lang='lat' dir='ltr'><strong>mora</strong></span> <span class='ocrx_word' id='word_1_71' title='bbox 1112 2023 1344 2116; x_wconf 88' lang='lat' dir='ltr'><strong>interposita,</strong></span> 
     </span>
     <span class='ocr_line' id='line_1_13' title="bbox 323 2138 1347 2238; baseline -0.001 -28"><span class='ocrx_word' id='word_1_72' title='bbox 323 2144 522 2237; x_wconf 88' lang='lat' dir='ltr'><strong>susciperet</strong></span> <span class='ocrx_word' id='word_1_73' title='bbox 543 2138 749 2235; x_wconf 83' lang='lat' dir='ltr'><strong>jubentem,</strong></span> <span class='ocrx_word' id='word_1_74' title='bbox 779 2164 892 2236; x_wconf 90' lang='lat' dir='ltr'><strong>eaque</strong></span> <span class='ocrx_word' id='word_1_75' title='bbox 913 2138 1073 2235; x_wconf 89' lang='lat' dir='ltr'><strong>jubentis</strong></span> <span class='ocrx_word' id='word_1_76' title='bbox 1094 2139 1188 2211; x_wconf 87' lang='lat' dir='ltr'><strong>dieta</strong></span> <span class='ocrx_word' id='word_1_77' title='bbox 1219 2164 1347 2238; x_wconf 89' lang='lat' dir='ltr'><strong>parum</strong></span> 
     </span>
     <span class='ocr_line' id='line_1_14' title="bbox 324 2262 1348 2363; baseline -0.003 -28"><span class='ocrx_word' id='word_1_78' title='bbox 324 2280 500 2353; x_wconf 79' lang='lat' dir='ltr'><strong>curasset,</strong></span> <span class='ocrx_word' id='word_1_79' title='bbox 533 2280 716 2363; x_wconf 87' lang='lat' dir='ltr'><strong>spectrum</strong></span> <span class='ocrx_word' id='word_1_80' title='bbox 748 2264 848 2335; x_wconf 91' lang='lat' dir='ltr'><strong>idem</strong></span> <span class='ocrx_word' id='word_1_81' title='bbox 884 2264 1058 2362; x_wconf 83' lang='lat' dir='ltr'><strong>postridie</strong></span> <span class='ocrx_word' id='word_1_82' title='bbox 1093 2262 1210 2335; x_wconf 91' lang='lat' dir='ltr'><strong>media</strong></span> <span class='ocrx_word' id='word_1_83' title='bbox 1242 2275 1348 2333; x_wconf 86' lang='lat' dir='ltr'><strong>nocte</strong></span> 
     </span>
     <span class='ocr_line' id='line_1_15' title="bbox 326 2386 1347 2487; baseline -0.002 -28"><span class='ocrx_word' id='word_1_84' title='bbox 326 2388 449 2459; x_wconf 88' lang='lat' dir='ltr'><strong>denuo</strong></span> <span class='ocrx_word' id='word_1_85' title='bbox 476 2395 667 2487; x_wconf 84' lang='lat' dir='ltr'><strong>apparuit,</strong></span> <span class='ocrx_word' id='word_1_86' title='bbox 707 2390 886 2486; x_wconf 87' lang='lat' dir='ltr'><strong>vultuque</strong></span> <span class='ocrx_word' id='word_1_87' title='bbox 911 2391 1020 2459; x_wconf 86' lang='lat' dir='ltr'><strong>etiam</strong></span> <span class='ocrx_word' id='word_1_88' title='bbox 1052 2390 1240 2459; x_wconf 89' lang='lat' dir='ltr'><strong>minaciori</strong></span> <span class='ocrx_word' id='word_1_89' title='bbox 1267 2386 1347 2457; x_wconf 89' lang='lat' dir='ltr'><strong>hes-</strong></span> 
     </span>
     <span class='ocr_line' id='line_1_16' title="bbox 327 2516 1350 2616; baseline -0.001 -31"><span class='ocrx_word' id='word_1_90' title='bbox 327 2530 428 2587; x_wconf 84' lang='lat' dir='ltr'><strong>terna</strong></span> <span class='ocrx_word' id='word_1_91' title='bbox 444 2516 556 2588; x_wconf 87' lang='lat' dir='ltr'><strong>verba</strong></span> <span class='ocrx_word' id='word_1_92' title='bbox 582 2521 738 2616; x_wconf 89' lang='lat' dir='ltr'><strong>repetiit.</strong></span> <span class='ocrx_word' id='word_1_93' title='bbox 759 2522 951 2616; x_wconf 87' lang='lat' dir='ltr'><strong>Supererat</strong></span> <span class='ocrx_word' id='word_1_94' title='bbox 971 2531 1011 2585; x_wconf 89' lang='lat' dir='ltr'><strong>ut</strong></span> <span class='ocrx_word' id='word_1_95' title='bbox 1029 2516 1232 2587; x_wconf 86' lang='lat' dir='ltr'><strong>Artabanus</strong></span> <span class='ocrx_word' id='word_1_96' title='bbox 1248 2538 1350 2613; x_wconf 58' lang='lat' dir='ltr'><strong>hquo·</strong></span> 
     </span>
     <span class='ocr_line' id='line_1_17' title="bbox 326 2641 1350 2740; baseline 0 -31"><span class='ocrx_word' id='word_1_97' title='bbox 326 2665 400 2736; x_wconf 93' lang='lat' dir='ltr'><strong>que</strong></span> <span class='ocrx_word' id='word_1_98' title='bbox 435 2646 468 2711; x_wconf 89' lang='lat' dir='ltr'><strong>ei</strong></span> <span class='ocrx_word' id='word_1_99' title='bbox 502 2645 718 2740; x_wconf 83' lang='lat' dir='ltr'><strong>apparitioni</strong></span> <span class='ocrx_word' id='word_1_100' title='bbox 748 2641 858 2712; x_wconf 86' lang='lat' dir='ltr'><strong>fidem</strong></span> <span class='ocrx_word' id='word_1_101' title='bbox 891 2655 1083 2740; x_wconf 71' lang='lat' dir='ltr'><strong>praestaret.</strong></span> <span class='ocrx_word' id='word_1_102' title='bbox 1115 2645 1207 2712; x_wconf 89' lang='lat' dir='ltr'><strong>Cum</strong></span> <span class='ocrx_word' id='word_1_103' title='bbox 1238 2643 1350 2738; x_wconf 78' lang='lat' dir='ltr'><strong>igitur</strong></span> 
     </span>
     <span class='ocr_line' id='line_1_18' title="bbox 327 2763 1349 2864; baseline 0.002 -32"><span class='ocrx_word' id='word_1_104' title='bbox 327 2763 460 2835; x_wconf 88' lang='lat' dir='ltr'><strong>lectum</strong></span> <span class='ocrx_word' id='word_1_105' title='bbox 485 2771 626 2863; x_wconf 80' lang='lat' dir='ltr'><strong>regium</strong></span> <span class='ocrx_word' id='word_1_106' title='bbox 650 2781 874 2864; x_wconf 85' lang='lat' dir='ltr'><strong>occupasset,</strong></span> <span class='ocrx_word' id='word_1_107' title='bbox 893 2765 990 2838; x_wconf 91' lang='lat' dir='ltr'><strong>idem</strong></span> <span class='ocrx_word' id='word_1_108' title='bbox 1009 2769 1187 2836; x_wconf 86' lang='lat' dir='ltr'><strong>somnians</strong></span> <span class='ocrx_word' id='word_1_109' title='bbox 1206 2789 1349 2835; x_wconf 91' lang='lat' dir='ltr'><strong>summo</strong></span> 
     </span>
     <span class='ocr_line' id='line_1_19' title="bbox 328 2885 1350 2988; baseline 0.001 -32"><span class='ocrx_word' id='word_1_110' title='bbox 328 2903 365 2958; x_wconf 86' lang='lat' dir='ltr'><strong>et</strong></span> <span class='ocrx_word' id='word_1_111' title='bbox 388 2892 466 2987; x_wconf 90' lang='lat' dir='ltr'><strong>ipse</strong></span> <span class='ocrx_word' id='word_1_112' title='bbox 492 2904 630 2960; x_wconf 87' lang='lat' dir='ltr'><strong>terrore</strong></span> <span class='ocrx_word' id='word_1_113' title='bbox 659 2885 711 2960; x_wconf 84' lang='lat' dir='ltr'><strong>est</strong></span> <span class='ocrx_word' id='word_1_114' title='bbox 739 2889 938 2988; x_wconf 86' lang='lat' dir='ltr'><strong>perculsus.</strong></span> <span class='ocrx_word' id='word_1_115' title='bbox 960 2888 1063 2960; x_wconf 88' lang='lat' dir='ltr'><strong>Unde</strong></span> <span class='ocrx_word' id='word_1_116' title='bbox 1081 2889 1285 2960; x_wconf 89' lang='lat' dir='ltr'><strong>factumest</strong></span> <span class='ocrx_word' id='word_1_117' title='bbox 1310 2903 1350 2958; x_wconf 92' lang='lat' dir='ltr'><strong>ut</strong></span> 
     </span>
     <span class='ocr_line' id='line_1_20' title="bbox 328 3007 1347 3112; baseline -0.002 -31"><span class='ocrx_word' id='word_1_118' title='bbox 328 3011 426 3084; x_wconf 79' lang='lat' dir='ltr'><strong>bello</strong></span> <span class='ocrx_word' id='word_1_119' title='bbox 445 3011 636 3085; x_wconf 77' lang='lat' dir='ltr'><strong>inferendo</strong></span> <span class='ocrx_word' id='word_1_120' title='bbox 651 3015 726 3110; x_wconf 87' lang='lat' dir='ltr'><strong>jam</strong></span> <span class='ocrx_word' id='word_1_121' title='bbox 748 3039 820 3084; x_wconf 89' lang='lat' dir='ltr'><strong>non</strong></span> <span class='ocrx_word' id='word_1_122' title='bbox 837 3013 991 3112; x_wconf 86' lang='lat' dir='ltr'><strong>amplius</strong></span> <span class='ocrx_word' id='word_1_123' title='bbox 1007 3007 1170 3083; x_wconf 84' lang='lat' dir='ltr'><strong>resistere</strong></span> <span class='ocrx_word' id='word_1_124' title='bbox 1187 3011 1347 3082; x_wconf 88' lang='lat' dir='ltr'><strong>auderet.</strong></span> 
     </span>
     <span class='ocr_line' id='line_1_21' title="bbox 330 3129 1351 3232; baseline -0.003 -27"><span class='ocrx_word' id='word_1_125' title='bbox 330 3139 482 3206; x_wconf 78' lang='lat' dir='ltr'><strong>Accessit</strong></span> <span class='ocrx_word' id='word_1_126' title='bbox 516 3136 685 3208; x_wconf 82' lang='lat' dir='ltr'><strong>ultimum</strong></span> <span class='ocrx_word' id='word_1_127' title='bbox 710 3143 891 3210; x_wconf 89' lang='lat' dir='ltr'><strong>somnium</strong></span> <span class='ocrx_word' id='word_1_128' title='bbox 924 3133 1026 3232; x_wconf 91' lang='lat' dir='ltr'><strong>quod</strong></span> <span class='ocrx_word' id='word_1_129' title='bbox 1054 3157 1160 3207; x_wconf 86' lang='lat' dir='ltr'><strong>causa</strong></span> <span class='ocrx_word' id='word_1_130' title='bbox 1191 3133 1260 3205; x_wconf 84' lang='lat' dir='ltr'><strong>fuit</strong></span> <span class='ocrx_word' id='word_1_131' title='bbox 1283 3129 1351 3204; x_wconf 79' lang='lat' dir='ltr'><strong>cur</strong></span> 
     </span>
    </p>
   </div>
   <div class='ocr_carea' id='block_1_3' title="bbox 329 3251 1354 3856">
    <p class='ocr_par' dir='ltr' id='par_1_5' title="bbox 329 3251 1354 3856">
     <span class='ocr_line' id='line_1_22' title="bbox 330 3251 1352 3359; baseline -0.002 -29"><span class='ocrx_word' id='word_1_132' title='bbox 330 3265 504 3330; x_wconf 86' lang='lat' dir='ltr'><strong>exercitus</strong></span> <span class='ocrx_word' id='word_1_133' title='bbox 525 3276 673 3359; x_wconf 88' lang='lat' dir='ltr'><strong>repente</strong></span> <span class='ocrx_word' id='word_1_134' title='bbox 692 3259 862 3332; x_wconf 88' lang='lat' dir='ltr'><strong>adversus</strong></span> <span class='ocrx_word' id='word_1_135' title='bbox 879 3261 1001 3332; x_wconf 89' lang='lat' dir='ltr'><strong>hostes</strong></span> <span class='ocrx_word' id='word_1_136' title='bbox 1019 3251 1225 3332; x_wconf 86' lang='lat' dir='ltr'><strong>duceretur.</strong></span> <span class='ocrx_word' id='word_1_137' title='bbox 1248 3263 1352 3331; x_wconf 88' lang='lat' dir='ltr'><strong>Visus</strong></span> 
     </span>
     <span class='ocr_line' id='line_1_23' title="bbox 330 3382 1352 3477; baseline -0.003 -24"><span class='ocrx_word' id='word_1_138' title='bbox 330 3397 384 3453; x_wconf 90' lang='lat' dir='ltr'><strong>est</strong></span> <span class='ocrx_word' id='word_1_139' title='bbox 411 3386 507 3452; x_wconf 91' lang='lat' dir='ltr'><strong>enim</strong></span> <span class='ocrx_word' id='word_1_140' title='bbox 537 3383 607 3454; x_wconf 86' lang='lat' dir='ltr'><strong>sibi</strong></span> <span class='ocrx_word' id='word_1_141' title='bbox 635 3388 773 3453; x_wconf 78' lang='lat' dir='ltr'><strong>Xerxes</strong></span> <span class='ocrx_word' id='word_1_142' title='bbox 792 3388 841 3453; x_wconf 84' lang='lat' dir='ltr'><strong>in</strong></span> <span class='ocrx_word' id='word_1_143' title='bbox 868 3389 1004 3454; x_wconf 91' lang='lat' dir='ltr'><strong>somnis</strong></span> <span class='ocrx_word' id='word_1_144' title='bbox 1033 3406 1135 3454; x_wconf 90' lang='lat' dir='ltr'><strong>ramo</strong></span> <span class='ocrx_word' id='word_1_145' title='bbox 1162 3382 1352 3477; x_wconf 84' lang='lat' dir='ltr'><strong>oleagineo</strong></span> 
     </span>
     <span class='ocr_line' id='line_1_24' title="bbox 331 3498 1354 3611; baseline 0 -35"><span class='ocrx_word' id='word_1_146' title='bbox 331 3505 533 3594; x_wconf 89' lang='lat' dir='ltr'><strong>redimitus,</strong></span> <span class='ocrx_word' id='word_1_147' title='bbox 548 3522 682 3578; x_wconf 91' lang='lat' dir='ltr'><strong>etcum</strong></span> <span class='ocrx_word' id='word_1_148' title='bbox 696 3498 801 3605; x_wconf 90' lang='lat' dir='ltr'><strong>pauci</strong></span> <span class='ocrx_word' id='word_1_149' title='bbox 816 3506 901 3580; x_wconf 85' lang='lat' dir='ltr'><strong>inde</strong></span> <span class='ocrx_word' id='word_1_150' title='bbox 920 3504 1114 3578; x_wconf 89' lang='lat' dir='ltr'><strong>ramusculi</strong></span> <span class='ocrx_word' id='word_1_151' title='bbox 1129 3505 1354 3611; x_wconf 84' lang='lat' dir='ltr'><strong>decidissent,</strong></span> 
     </span>
     <span class='ocr_line' id='line_1_25' title="bbox 331 3614 1352 3730; baseline -0.001 -30"><span class='ocrx_word' id='word_1_152' title='bbox 331 3629 431 3700; x_wconf 89' lang='lat' dir='ltr'><strong>orbis</strong></span> <span class='ocrx_word' id='word_1_153' title='bbox 456 3614 644 3703; x_wconf 89' lang='lat' dir='ltr'><strong>universus</strong></span> <span class='ocrx_word' id='word_1_154' title='bbox 669 3631 754 3702; x_wconf 87' lang='lat' dir='ltr'><strong>inde</strong></span> <span class='ocrx_word' id='word_1_155' title='bbox 786 3645 862 3704; x_wconf 89' lang='lat' dir='ltr'><strong>erat</strong></span> <span class='ocrx_word' id='word_1_156' title='bbox 885 3632 1044 3730; x_wconf 90' lang='lat' dir='ltr'><strong>repletus</strong></span> <span class='ocrx_word' id='word_1_157' title='bbox 1069 3627 1094 3702; x_wconf 82' lang='lat'><strong>⁵.</strong></span> <span class='ocrx_word' id='word_1_158' title='bbox 1123 3636 1199 3704; x_wconf 87' lang='lat' dir='ltr'><strong>Jam</strong></span> <span class='ocrx_word' id='word_1_159' title='bbox 1224 3629 1352 3730; x_wconf 82' lang='lat' dir='ltr'><strong>procul</strong></span> 
     </span>
     <span class='ocr_line' id='line_1_26' title="bbox 329 3751 1350 3856; baseline -0.003 -31"><span class='ocrx_word' id='word_1_160' title='bbox 329 3751 447 3826; x_wconf 91' lang='lat' dir='ltr'><strong>dubio</strong></span> <span class='ocrx_word' id='word_1_161' title='bbox 478 3769 657 3827; x_wconf 88' lang='lat' dir='ltr'><strong>terrarum</strong></span> <span class='ocrx_word' id='word_1_162' title='bbox 685 3756 815 3828; x_wconf 91' lang='lat' dir='ltr'><strong>orbem</strong></span> <span class='ocrx_word' id='word_1_163' title='bbox 841 3756 1060 3856; x_wconf 89' lang='lat' dir='ltr'><strong>subacturus</strong></span> <span class='ocrx_word' id='word_1_164' title='bbox 1094 3761 1200 3854; x_wconf 89' lang='lat' dir='ltr'><strong>eique</strong></span> <span class='ocrx_word' id='word_1_165' title='bbox 1233 3755 1350 3826; x_wconf 92' lang='lat' dir='ltr'><strong>domi-</strong></span> 
     </span>
    </p>
   </div>
   <div class='ocr_carea' id='block_1_4' title="bbox 364 3999 975 4254">
    <p class='ocr_par' dir='ltr' id='par_1_6' title="bbox 364 3999 975 4254">
     <span class='ocr_line' id='line_1_27' title="bbox 367 3999 741 4062; baseline 0.008 -15"><span class='ocrx_word' id='word_1_166' title='bbox 367 3999 372 4026; x_wconf 72' lang='lat'><em>*</em></span> <span class='ocrx_word' id='word_1_167' title='bbox 394 4001 487 4060; x_wconf 76' lang='grc'><strong>11111,</strong></span> <span class='ocrx_word' id='word_1_168' title='bbox 503 4003 558 4050; x_wconf 74' lang='grc'><strong>1011.</strong></span> <span class='ocrx_word' id='word_1_169' title='bbox 573 4027 604 4037; x_wconf 97' lang='grc'>-</span> <span class='ocrx_word' id='word_1_170' title='bbox 624 3999 633 4028; x_wconf 90' lang='lat'>²</span> <span class='ocrx_word' id='word_1_171' title='bbox 652 4011 683 4062; x_wconf 93' lang='grc'><strong>11,</strong></span> <span class='ocrx_word' id='word_1_172' title='bbox 701 4004 741 4050; x_wconf 85' lang='grc'><strong>311.</strong></span> 
     </span>
     <span class='ocr_line' id='line_1_28' title="bbox 364 4095 975 4159; baseline 0.003 -16"><span class='ocrx_word' id='word_1_173' title='bbox 364 4095 373 4122; x_wconf 89' lang='lat'>³</span> <span class='ocrx_word' id='word_1_174' title='bbox 392 4106 435 4157; x_wconf 88' lang='grc'><strong>111,</strong></span> <span class='ocrx_word' id='word_1_175' title='bbox 456 4097 511 4158; x_wconf 76' lang='lat' dir='ltr'><strong>tat,</strong></span> <span class='ocrx_word' id='word_1_176' title='bbox 525 4100 584 4158; x_wconf 63' lang='lat' dir='ltr'><strong>tun</strong></span> <span class='ocrx_word' id='word_1_177' title='bbox 602 4101 755 4158; x_wconf 66' lang='grc'><strong>111101-</strong></span> <span class='ocrx_word' id='word_1_178' title='bbox 775 4097 782 4126; x_wconf 80' lang='lat'><strong>⁴</strong></span> <span class='ocrx_word' id='word_1_179' title='bbox 802 4107 855 4159; x_wconf 80' lang='lat' dir='ltr'><strong>vn,</strong></span> <span class='ocrx_word' id='word_1_180' title='bbox 868 4098 908 4157; x_wconf 84' lang='lat'><strong>15,</strong></span> <span class='ocrx_word' id='word_1_181' title='bbox 921 4108 975 4158; x_wconf 84' lang='lat' dir='ltr'><strong>sqq.</strong></span> 
     </span>
     <span class='ocr_line' id='line_1_29' title="bbox 366 4193 503 4254; baseline -0.007 -12"><span class='ocrx_word' id='word_1_182' title='bbox 366 4193 375 4221; x_wconf 82' lang='lat'>⁸</span> <span class='ocrx_word' id='word_1_183' title='bbox 393 4204 449 4254; x_wconf 87' lang='lat' dir='ltr'><strong>vu,</strong></span> <span class='ocrx_word' id='word_1_184' title='bbox 466 4196 503 4243; x_wconf 78' lang='lat'><strong>19.</strong></span> 
     </span>
    </p>
   </div>
   <div class='ocr_carea' id='block_1_5' title="bbox 0 0 1767 5225">
    <p class='ocr_par' dir='ltr' id='par_1_7' title="bbox 0 0 1767 5225">
     <span class='ocr_line' id='line_1_30' title="bbox 0 0 1767 5225; baseline 0 0"><span class='ocrx_word' id='word_1_185' title='bbox 0 0 1767 5225; x_wconf 95' lang='lat' dir='ltr'><strong> </strong></span> 
     </span>
    </p>
   </div>
  </div>
 </body>
</html>
