3484 5225
761 626 921 685 ...47-

335 752 469 828 rondas
484 753 667 851 Solonque
684 752 904 852 legislatores
922 779 1005 825 cum
1022 760 1226 853 cognitione
1242 764 1349 831 animi
1418 768 1422 774 ’

336 884 544 978 ingeniique
570 880 720 950 humani
754 877 852 951 haud
881 878 1102 977 spernenda,
1130 906 1293 981 magnam
1315 866 1350 955 iu

336 1000 445 1071 rebus
464 999 630 1071 civilibus
649 999 878 1097 prudentiam
897 1025 969 1098 prae
1003 982 1039 1071 se
1058 999 1228 1073 tulerant.

356 1190 359 1193 ,
383 1124 451 1196 lllo
470 1140 631 1223 tempore
650 1141 787 1224 septem
805 1129 1094 1222 sapientes,·viri
1120 1152 1248 1225 magna
1265 1126 1351 1201 doc·

337 1255 438 1322 trinae
451 1248 558 1321 laude
573 1248 765 1334 cumulati,
785 1248 1057 1347 philosophiam
1073 1252 1247 1322 moralem
1262 1278 1354 1349 sym·

335 1374 463 1446 holicis
479 1378 583 1470 quasi
600 1373 769 1445 obrutam
782 1378 891 1470 signis
903 1379 1176 1471 emanciparuut
1191 1401 1210 1447 e
1232 1394 1355 1473 myste-

337 1501 476 1569 riorum
492 1498 712 1569 obscuritate
725 1497 821 1569 illam
846 1498 1027 1587 eruenda,
1055 1504 1104 1571 ita
1130 1515 1169 1570 ut
1194 1504 1229 1573 in
1248 1500 1354 1571 disci-

336 1621 442 1721 plinae
466 1647 599 1720 corpus
622 1621 766 1693 redacta
790 1628 903 1693 cuivis
921 1621 1080 1693 discendi
1107 1623 1240 1721 cupido
1263 1626 1355 1697 tradi

337 1761 476 1845 posset,
501 1762 536 1819 et
565 1745 790 1835 felicissima,
820 1746 1011 1817 vii'semel
1041 1746 1238 1845 patefacti,
1270 1776 1353 1847 pro-

338 1871 524 1969 grediendi
557 1875 661 1968 copia
696 1887 914 1969 suppeteret.
947 1876 1032 1943 Tres
1065 1898 1222 1969 namque
1253 1873 1357 1946 disci-

338 1995 458 2093 plinae,
480 1994 668 2065 Herodoto
695 1995 863 2085 florente,
888 2002 1025 2085 Ionica,
1049 1998 1204 2069 Eleatica
1230 2015 1264 2067 et
1289 2004 1355 2096 Py-

339 2118 522 2216 thagorica
560 2123 820 2207 innotuerant,
859 2125 958 2207 im0,
999 2120 1150 2217 vulgatis
1187 2121 1356 2193 omnibus

339 2247 507 2333 inventis,
526 2246 600 2338 jam
621 2247 658 2313 in
676 2268 720 2314 eo
744 2260 845 2315 erant
869 2258 911 2314 ut
931 2249 1122 2315 imminuta
1144 2253 1355 2317 auctoritate

337 2367 459 2439 locum
477 2366 554 2440 aliis
577 2365 755 2437 cederent.
775 2366 1002 2437 Parmenides
1026 2382 1061 2439 et
1083 2374 1178 2439 Zeno
1195 2370 1354 2457 Eleatici,

337 2491 755 2594 Democritusrlbderita,
765 2492 998 2591 Empedocles
1011 2496 1261 2591 Agrigentinus
1277 2511 1354 2565 tum

339 2624 490 2689 maxime
515 2617 694 2688 florebant
721 2643 836 2714 quum
853 2618 1061 2690 Herodotus
1087 2626 1264 2717 apparuit.
1285 2619 1353 2690 Sed

338 2740 465 2811 eodem
483 2739 555 2811 fere
571 2757 735 2839 tempore
760 2745 912 2814 varietas
939 2747 1186 2828 inventorum,
1213 2743 1353 2815 schola-

339 2891 421 2936 rum
447 2881 482 2936 et
507 2865 1013 2964 disciplinarurisdiversitas,
1038 2882 1114 2937 tum
1136 2869 1353 2939 incertitudo

339 3006 374 3062 et
402 2990 617 3089 ambiguitas
648 2990 907 3089 principiorum
937 2983 1165 3088 eiperientiae
1194 3015 1235 3062 ac
1262 3017 1354 3061 sanai

340 3119 450 3185 menti
483 3119 779 3213 repugnantium,
812 3113 961 3186 culturae
990 3115 1146 3212 denique
1187 3114 1355 3186 subtilius

339 3265 447 3336 quam
470 3237 520 3310 fas
535 3256 611 3312 erat
631 3239 829 3338 fastigium,
850 3265 995 3310 morum
1012 3256 1047 3311 et
1065 3240 1244 3338 religionis
1264 3264 1356 3338 auc-

345 3368 527 3436 toritatem
554 3370 708 3462 pessimo
735 3389 817 3434 cum
841 3365 1002 3462 exemplo
1020 3364 1281 3453 imminuendo,
1301 3391 1358 3436 so-

284 3585 288 3590 .
340 3488 502 3588 phisticae
525 3488 709 3560 industriae
729 3487 883 3560 fallacias
901 3513 1083 3587 peperere.
1103 3493 1240 3560 Etenim
1256 3495 1356 3562 Gor-

341 3617 429 3709 gias,
446 3618 673 3710 Protagoras,
685 3611 861 3683 Prodicus
876 3612 994 3703 etalii,
1009 3612 1211 3686 divitiarum
1223 3632 1258 3686 et
1277 3617 1355 3714 glo·

340 3742 400 3807 riae
410 3761 521 3833 quam
532 3743 607 3808 veri
621 3736 811 3834 indagandi
828 3736 1074 3828 studiosiores,
1089 3739 1355 3838 philosophiam

340 3863 386 3934 ad
406 3862 574 3953 nihilum,
602 3862 888 3960 disputationum
906 3863 1116 3949 subtilitate,
1133 3862 1356 3956 redegerunt.

388 3993 565 4078 Socrates,
593 4003 755 4058 metuens
782 4013 827 4058 ne
854 3986 934 4059 lues
962 3993 1026 4058 ista
1050 3985 1186 4082 radices
1214 3985 1358 4057 altiores

339 4128 478 4209 ageret,
497 4111 645 4208 judicii,
666 4137 745 4208 quae
765 4117 833 4210 ipsi
852 4111 1041 4210 peculiaris
1064 4125 1163 4201 erat,
1190 4111 1358 4208 simplici·

1182 4267 1199 4321 2
1240 4288 1243 4292 ,
