3484 5225
831 540 970 595 ..6-

392 669 468 740 lent
480 679 505 759 ¹,
518 693 592 741 non
609 668 692 741 ideo
706 669 825 741 solum
839 668 939 767 quod
957 673 1095 767 primus
1112 693 1172 745 res¹
1186 684 1302 767 gestas
1318 693 1337 741 a
1353 667 1408 740 di·

392 797 502 865 versis
513 792 683 892 gentibus
698 798 736 865 in
753 819 869 865 unum
887 818 1020 892 corpus
1033 792 1204 891 colligere
1221 817 1409 892 aggressus

392 932 456 1006 est,
469 914 531 988 sed
545 916 646 1013 quod
661 918 738 1013 ejus
750 916 920 991 narrandi
933 920 1083 1015 generis,
1094 914 1195 1013 quod
1208 931 1289 990 ante
1306 916 1409 987 illum
1481 974 1487 985 .

390 1039 466 1112 fere
487 1064 596 1113 nemo
615 1020 831 1131 tentaverat,
855 1064 971 1140 prope
994 1035 1209 1114 absolutum
1227 1040 1410 1141 exemplar

392 1164 516 1238 edidit.
546 1165 722 1237 Eumdem
744 1191 818 1238 non
842 1191 923 1237 sum
947 1170 1088 1238 nescius
1111 1190 1133 1238 a
1158 1164 1408 1263 quibusdam²

389 1289 592 1364 fabularum
607 1316 757 1389 quoque
771 1307 911 1390 patrem
923 1288 1033 1363 fuisse
1046 1305 1299 1391 nuncupatum
1312 1318 1321 1381 3
1336 1315 1408 1388 qua

390 1439 474 1487 euin
490 1421 716 1489 accusatione
736 1414 919 1488 exsolvere
937 1414 1026 1486 mihi
1041 1413 1208 1515 perfacile
1218 1418 1278 1504 sit,
1296 1417 1325 1487 si
1337 1415 1409 1488 hoc

390 1539 469 1612 fieri
488 1566 630 1614 necesse
645 1538 750 1629 foret,
771 1541 839 1613 hac
851 1555 953 1612 aetate
972 1554 1091 1611 nostra
1109 1564 1182 1637 qua
1197 1539 1319 1612 nullus
1336 1538 1411 1612 fere

389 1669 436 1737 sit
451 1664 652 1737 litterarum
667 1670 901 1762 antiquarum
919 1679 1059 1754 amator
1071 1644 1136 1760 qui
1150 1688 1234 1735 crim
1247 1664 1308 1735 tali
1320 1669 1409 1754 viro,

391 1815 464 1862 non
482 1789 681 1891 voluptatis
701 1805 854 1879 tantum,
881 1772 957 1861 sed*
973 1787 1138 1860 utilitatis
1157 1794 1265 1861 etiam
1283 1774 1388 1863 causa
1400 1842 1419 1880 ,a

389 1939 464 1987 non
477 1921 647 2013 privatam
666 1902 977 2012 quasiamicitiam
996 1914 1171 2009 junxerit.
1275 1996 1279 2006 Ι
1414 1992 1418 2003 ,

441 2037 579 2112 Adeunt
592 2041 702 2137 igitur
718 2064 812 2136 opus
828 2038 1083 2131 herodoteum,
1097 2037 1255 2139 indeque
1268 2038 1368 2129 velut
1392 2064 1416 2131 e¹

391 2162 491 2238 fonte
509 2168 702 2263 purissimo
721 2179 757 2237 et
780 2152 1053 2263 copiosissimo,
1074 2162 1176 2261 quod
1199 2152 1243 2235 ad
1267 2167 1416 2269 Graeciaet

393 2290 558 2386 Asiaeque
572 2315 629 2366 res
643 2295 790 2380 attinet,
810 2289 980 2397 hauriant
997 2276 1221 2385 quicumque
1239 2274 1417 2381 historiae,¹

392 2414 450 2487 vel
475 2412 696 2506 scribendae,
720 2414 776 2487 vel
810 2412 982 2486 docendae
1006 2437 1155 2511 operam
1177 2411 1418 2513 impendunt„

391 2544 461 2614 Cui
478 2542 646 2641 scriptori
668 2564 743 2611 non
762 2537 874 2620 modo
895 2544 1062 2611 notitiam
1081 2563 1203 2634 rerum
1221 2514 1410 2630 debemus,

391 2669 554 2763 sineque
566 2669 604 2737 in
619 2665 778 2737 tenebris
793 2670 911 2737 omnis
929 2670 1123 2762 antiquitas
1145 2661 1257 2735 ferme
1268 2663 1415 2754 lateret,.

394 2789 456 2862 sed
476 2806 513 2862 ct
525 2790 572 2863 ab
594 2790 724 2862 eodem
742 2794 971 2890 potissimum
995 2793 1198 2889 accepimus
1215 2788 1305 2887 quid
1322 2813 1415 2887 prae·¹

394 2917 508 2990 teritae
528 2929 660 3006 aetates,
676 2940 832 3014 quarum
856 2916 962 2988 nobis
985 2921 1158 3014 imagines
1178 2914 1412 2988 adumbratas

394 3042 553 3140 reliquit,
570 3041 617 3112 de
636 3025 906 3130 rebus-divinisj
922 3040 1013 3137 quid
1029 3039 1073 3112 de
1092 3045 1239 3133 virtute,
1259 3038 1347 3137 quid
1366 3025 1417 3111 de

395 3166 526 3240 officiis
543 3166 711 3238 humanis
725 3171 916 3256 senserint3
929 3189 1027 3238 sacra
1051 3178 1202 3263 quoque
1226 3157 1410 3260 instituta,

393 3297 606 3389 rituumque
629 3294 672 3362 iis
695 3273 921 3388 temporibus
940 3316 1008 3362 usu
1029 3307 1258 3390 receptorum
1286 3278 1416 3364 sancti-⁴

397 3421 556 3488 moniam
572 3403 730 3489 historiis
744 3422 818 3488 suis
829 3421 916 3488 scite
932 3419 1121 3506 immiscet,
1134 3441 1215 3512 quae
1228 3415 1319 3489 adeo
1337 3441 1414 3514 spe·

395 3538 469 3612 culi
487 3544 615 3628 instar,
636 3526 832 3636 requalium
857 3562 1135 3611 suorumveras
1155 3534 1303 3612 falsasve
1330 3541 1410 3637 opi·

395 3670 521 3737 niones
534 3648 794 3762 repercutiunt.
814 3668 866 3742 Ex
882 3665 937 3735 his
957 3657 1414 3762 manifesto-'deprehendas

393 3805 569 3888 quantum
587 3789 733 3862 oracula
747 3805 974 3862 momentum
993 3793 1028 3861 in
1054 3793 1164 3862 vitam
1181 3781 1265 3884 curn
1281 3790 1412 3888 puhli-

427 4022 432 4046 ¹
451 4011 514 4072 Cic,
527 4011 559 4061 de
571 4013 641 4074 teg„
655 4024 674 4070 t,
689 4013 713 4072 t,
726 4016 748 4060 5.
837 4024 843 4033 ·

426 4101 437 4134 ²
455 4104 671 4167 Ant.Gett.‚.1n‚
690 4109 730 4156 m.
773 4151 777 4156 ,
