3484 5225
762 643 801 657 ..
822 613 860 671 33
881 642 921 661 .-

330 744 484 847 porihus
500 743 643 833 nullus,
669 768 798 816 eorum
812 750 920 818 etiam
942 748 1007 843 qui
1024 748 1154 821 rectius
1169 752 1348 849 cogitant,

331 875 586 972 superstitione
612 885 724 944 vacat.

381 1000 567 1096 sicigitur
585 1021 677 1069 vana
701 1000 911 1070 somniantis
931 1000 1040 1069 animi
1057 1002 1132 1069 visa
1148 1000 1185 1069 in
1205 997 1352 1071 oracula

333 1120 454 1193 divina
480 1137 684 1212 mutantur3
700 1146 795 1219 quae,
818 1125 848 1193 si
872 1126 989 1220 poetis
1007 1130 1018 1165 ¹
1038 1120 1214 1219 librisque
1237 1125 1352 1193 omni-

333 1246 423 1337 bns,
452 1251 517 1343 qui
535 1248 701 1343 antiquas
732 1243 942 1320 traditiones
968 1261 1169 1335 asservant,
1202 1244 1351 1335 credas,
1401 1306 1403 1311 ,

334 1371 382 1445 ad
412 1369 592 1469 agendum
623 1374 813 1468 saepissime
840 1368 1008 1443 credulos
1036 1370 1201 1443 homines
1230 1376 1353 1469 impu·

335 1496 466 1570 ierunt.
499 1499 579 1570 Huc
610 1492 705 1567 adde
735 1492 836 1591 qnod
870 1500 1114 1593 apparitiones
1148 1493 1285 1566 diurnae
1319 1508 1355 1567 et

336 1620 460 1719 quales
485 1620 675 1693 hominum
701 1619 853 1717 vigilum
882 1644 957 1691 esse
982 1618 1115 1708 solent,
1144 1644 1210 1691 uec
1236 1625 1356 1691 minus

336 1745 543 1843 frequentes
561 1759 666 1833 sunt,
694 1768 761 1817 nec
781 1749 901 1817 minus
926 1744 1098 1843 ponderis
1118 1744 1266 1817 habent.
1298 1748 1356 1817 Sic

337 1886 449 1944 mater
473 1874 654 1942 Demarati
678 1868 845 1943 filiosuo
867 1884 1006 1959 narrat,
1031 1868 1267 1943 Astrabacum
1295 1869 1357 1940 he·

337 2020 438 2067 roem
455 2018 579 2067 secum
595 1992 831 2083 cohabitasse,
846 1995 1032 2092 ipsiusque
1046 2016 1121 2065 esse
1138 1998 1357 2091 genitorem,

338 2126 466 2218 inquo
486 2124 696 2194 Demaratus
718 2122 948 2215 acquiescere
964 2116 1107 2190 videtur
1126 2129 1151 2189 ².
1174 2124 1214 2189 In
1233 2142 1357 2217 pugna

338 2245 564 2317 Marathonia
601 2243 782 2342 Epizelus,
819 2248 873 2315 vir
908 2241 1152 2334 Atheniensis,
1192 2257 1358 2341 spectatae

340 2374 500 2460 virtutis,
533 2352 717 2469 spectrum
747 2383 927 2441 armatum
958 2367 1109 2440 obvium
1140 2366 1289 2459 hahuit,
1322 2381 1359 2439 et

338 2520 384 2567 ex
413 2519 458 2566 eo
485 2492 544 2567 die
571 2494 686 2567 oculis
707 2508 833 2591 captus
856 2518 931 2565 esse
957 2497 1066 2591 coepit
1086 2489 1111 2563 3.
1136 2494 1226 2583 Quae
1247 2497 1360 2563 Hero·

337 2618 446 2690 dotus
464 2616 613 2715 quidem
639 2623 810 2688 nonsiue
831 2616 1055 2687 haesitatione
1077 2615 1198 2713 aliqua
1220 2620 1357 2705 narrat,

340 2742 521 2816 dictorum
542 2740 653 2842 tidem
678 2747 715 2812 in
745 2767 808 2814 eos
824 2765 845 2813 a
862 2723 999 2837 quibus
1024 2754 1228 2838 acceperat,
1248 2753 1361 2812 retor-

340 2891 471 2965 quens;
498 2865 534 2938 id
562 2864 666 2964 quod
692 2890 785 2964 saepe
811 2863 916 2955 facit,
935 2864 999 2936 ubi
1022 2889 1078 2936 res
1100 2863 1362 2961 minusdignas

342 2990 412 3063 fide
439 2989 559 3064 refert.
588 2995 669 3074 Non
699 3014 783 3063 raro
812 2994 907 3062 enim
934 3013 977 3062 eo
1004 2986 1241 3060 dubitationis
1274 3013 1361 3086 pro·

342 3114 456 3204 cedit,
481 3130 524 3186 ut
546 3119 769 3187 narrationes
796 3104 977 3186 movehdo
1006 3117 1094 3184 risui
1117 3127 1219 3211 aptas
1236 3109 1364 3183 admit·

341 3255 416 3312 tere
429 3254 580 3311 recuset.
592 3242 649 3310 Sic
660 3238 908 3326 Athenienses,
927 3252 1070 3335 gentem
1086 3242 1361 3334 sagacissimam,

343 3369 507 3438 crassiori
531 3370 684 3436 miratur
707 3367 840 3435 astutia
864 3360 1034 3461 deceptos
1060 3359 1168 3432 fuisse
1193 3365 1365 3436 Pisistrati

343 3493 502 3561 Minerva
535 3493 627 3587 ipsa.
649 3486 742 3560 duce
780 3487 965 3560 redeuntis
989 3485 1016 3556 4.
1052 3491 1092 3558 In
1121 3483 1252 3558 fabulis
1278 3492 1364 3558 item

263 3626 269 3634 '
329 3601 446 3713 'pontt
474 3616 718 3686 narrationem
746 3611 944 3684 dicentium
969 3610 1168 3710 Phylacum
1196 3626 1231 3684 et
1256 3616 1368 3684 Auto-

375 3893 383 3921 ι
401 3884 484 3934 AEsch.
501 3883 614 3947 coepti„
634 3895 663 3934 v.
682 3886 737 3935 tn.
756 3885 836 3943 Pers„
851 3885 904 3944 tac,
918 3887 968 3934 etc.

379 3978 388 4008 ¹
407 3981 479 4039 tien,
498 3991 540 4038 vr,
559 3983 599 4027 tc.

378 4075 388 4104 ⁸
405 4077 529 4135 Her.,v1,
549 4077 602 4123 nr.

377 4146 477 4227 ⁴tlon,
495 4182 516 4230 r,
533 4175 572 4219 uo.
