3484 5225
759 577 918 631 ...53-

327 704 499 793 deorum,
520 701 601 776 licet
627 719 663 774 et
685 707 763 802 ipse
783 704 857 775 fato
882 702 1078 799 subjectus.
1101 702 1207 802 Apud
1231 711 1344 776 Hero·

327 828 455 900 dotum
479 826 742 926 Hellespontins
768 827 929 925 qnidam,
959 832 1191 899 innumerum
1217 833 1344 899 Xerxis

326 959 522 1027 exercitum
549 968 827 1052 praetereuntem
858 951 996 1039 videns,
1022 952 1136 1023 fertur
1164 952 1343 1025 dixisse¹t

326 1110 342 1145 ι
361 1083 392 1150 O
411 1083 572 1177 Jupiter,
591 1077 767 1175 quidnam
793 1094 831 1149 tu
851 1078 919 1149 sub
942 1082 1060 1177 specie
1086 1083 1152 1149 viri
1178 1083 1291 1150 Persae
1309 1092 1346 1149 et

312 1218 473 1302 ‘accepto
487 1208 614 1275 Xerxis
632 1208 809 1302 ptoloms
831 1209 999 1292 nomine,
1021 1206 1196 1275 Graeciam
1213 1228 1233 1274 a
1249 1200 1344 1275 sedi·

324 1315 395 1399 hirs
409 1333 482 1399 suis
496 1326 685 1399 exturbare
698 1334 762 1419 vis,
778 1352 904 1398 omnes
919 1326 1081 1397 homines
1094 1326 1244 1415 ducens,
1261 1352 1344 1397 cnm

327 1457 434 1525 etiam
458 1458 549 1525 citra
571 1452 645 1523 hoc
661 1452 727 1523 tibi
744 1450 876 1523 faceret
903 1452 1075 1523 liceret.»
1095 1453 1179 1540 Quo
1203 1454 1239 1519 iri
1263 1450 1343 1521 loco

326 1580 467 1673 Jupiter
490 1600 652 1646 summus
678 1590 731 1645 est
754 1575 891 1646 arbiter
914 1600 1056 1662 rernm,
1076 1580 1210 1646 nemini
1230 1574 1344 1646 obno·
1434 1637 1437 1643 .

326 1703 417 1771 rrius,
438 1699 517 1770 Alio
540 1699 622 1771 loco
645 1699 852 1776 Herodotus
875 1697 988 1770 fatum
1015 1697 1068 1769 vel
1094 1704 1178 1796 ipsis
1198 1698 1266 1769 diis
1288 1704 1344 1768 in-

326 1824 492 1896 evitabile
503 1831 735 1924 pronuntiat²
752 1852 759 1894 :
777 1830 837 1901 Trlr
857 1829 1056 1919 πεπρωμένην
1076 1834 1179 1919 μοῖραν
1206 1817 1344 1893 ἀδύνατοί

325 1953 403 2019 ἐστιν
419 1954 596 2047 ἀπορυγέιιν
613 1952 666 2019 καὶ
679 1953 751 2043 θεῷ,
770 1949 974 2046 exemplum
990 1946 1063 2019 hnc
1077 1946 1230 2019 asserens
1242 1946 1342 2046 quod

325 2078 506 2144 verissime
531 2079 568 2143 in
599 2078 809 2145 memoriam
834 2088 1002 2157 revocat,
1020 2078 1146 2143 lovem
1174 2076 1209 2142 in
1231 2070 1342 2144 Iliade

325 2213 539 2296 querentem
565 2224 639 2270 sea
659 2198 734 2271 fato
751 2200 832 2297 cogi
851 2214 893 2269 ut
920 2196 1163 2296 Sarpedonem
1189 2197 1341 2298 Patrocli

326 2321 404 2394 telis
421 2330 605 2422 permittat
622 2319 637 2371 3
656 2352 663 2393 :

422 2486 500 2590 ἄριοι
518 2497 606 2592 ἐγὼν,
622 2499 670 2564 dre
689 2524 739 2590 μοι
756 2489 956 2591 Σαρπηδόνα,
975 2496 1117 2587 φίλτατον
1134 2488 1276 2589 ἀνδρῶν,
1382 2584 1390 2597 .

422 2620 508 2717 Μοῖρ’
524 2625 581 2691 ὑπὸ
595 2625 778 2716 Πατρόκλοιο
796 2614 999 2690 Μενοιτιάδαο
1015 2615 1170 2714 detritae!

375 2792 414 2858 In
432 2789 619 2860 Herodoto
635 2790 761 2885 Pythia
776 2794 901 2861 Croeso
919 2785 1094 2875 declarat,
1115 2784 1340 2884 Apollinem,

325 2917 385 2984 cui
409 2913 534 3012 procul
562 2913 677 2985 dubio
701 2937 805 2986 carus
832 2927 923 2984 esset
957 2913 1006 2984 ol)
1032 2910 1341 2998 munificentiam,

325 3038 414 3108 nihil
432 3041 647 3109 intentatum
666 3037 851 3133 reliquisse
872 3051 911 3106 nt
927 3048 1109 3108 amoveret
1129 3033 1175 3104 ab
1193 3037 1272 3130 ipso
1291 3037 1343 3102 in·

324 3161 526 3234 fortunium
546 3160 733 3233 decretum
750 3159 882 3249 alato,
915 3165 963 3231 ita
982 3173 1023 3228 ut
1044 3156 1111 3228 filii
1133 3159 1243 3254 patris
1260 3154 1342 3226 loco

327 3293 565 3386 punirentur3
584 3285 646 3357 sed
666 3285 809 3356 flectere
827 3288 942 3381 Μοίρας
961 3308 1045 3356 eum
1069 3306 1142 3353 non
1165 3284 1338 3379 potuisse.

324 3403 365 3484 ‘ld
378 3437 491 3483 unum
504 3437 555 3483 eae
568 3416 812 3511 permiserunt
830 3425 870 3482 ut
881 3408 1009 3482 Sardes
1027 3425 1098 3478 tres
1115 3430 1241 3493 annos,
1257 3427 1341 3502 pos·

327 3551 383 3607 tea
402 3560 511 3633 quarn
535 3534 607 3608 fato
628 3536 767 3633 jussum
789 3534 927 3627 fuerat,
953 3527 1279 3632 expugnarenturl.
1300 3532 1342 3599 In

357 3766 365 3795 ¹
384 3759 454 3820 Her„
468 3768 519 3818 vn,
537 3760 576 3806 to,
589 3755 627 3807 cl.
638 3757 705 3821 apud
715 3756 860 3819 AEschylum
874 3756 948 3807 hosce
965 3757 1032 3808 locos
1046 3755 1090 3820 qui
1106 3753 1155 3805 sibi
1167 3750 1342 3804 contradicere

255 3879 259 3890 .
324 3836 452 3888 videntur.
465 3839 556 3888 Prome
566 3851 591 3889 ι.
601 3839 641 3901 to,
654 3841 709 3889 518.
722 3838 807 3902 suppl.
820 3851 844 3889 ι.
859 3841 915 3899 593,
928 3841 996 3888 670.ι

357 3933 366 3963 ²
385 3935 456 3998 tter„
471 3946 490 3996 ι,
504 3936 544 3984 Μ.

358 4031 368 4061 ³
385 4031 427 4092 ll„
446 4044 505 4096 ιιι,
522 4035 578 4082 tea.

358 4127 366 4157 ⁴
384 4128 455 4190 lien,
477 4139 497 4188 ι,
516 4130 557 4179 et.
