3484 5225
743 676 751 687 ,
841 652 880 665 ·-
901 624 939 679 ⁴8
959 650 1001 665 -·

409 756 509 829 illam
536 768 689 854 argento
708 767 920 851 corruptam
953 751 1031 823 hmo
1056 749 1135 823 duo
1165 701 1336 849 responsa
1362 750 1428 823 de-

409 879 514 952 disse

459 1002 560 1077 Bello
584 1000 736 1101 quidem
759 998 904 1072 Medico
930 1024 1055 1071 omnes
1075 999 1206 1099 populi
1231 1006 1298 1097 qui
1321 1005 1429 1071 Xerxi

412 1132 578 1201 resistere
588 1125 787 1214 audebant,
800 1124 951 1197 consilia
964 1140 1001 1195 et
1014 1124 1252 1197 revelationes
1268 1129 1430 1197 certatim

411 1254 632 1348 quaesierunt
654 1275 698 1321 ex
722 1247 875 1322 oraculo
901 1246 1096 1346 Delphico,
1121 1244 1265 1345 fuitque
1282 1272 1432 1346 respou-

412 1399 494 1447 sum
521 1378 724 1473 Spartanis,
756 1387 821 1445 aut
852 1372 1147 1445 lacedaemonem
1176 1371 1432 1445 destruendam

412 1496 493 1571 fore
518 1497 740 1588 abarbaris,
768 1513 833 1569 aut
856 1502 1019 1596 ipsorum
1047 1524 1170 1597 regem
1192 1524 1269 1570 esse
1293 1502 1432 1597 peritu-

414 1649 511 1697 rum.
536 1629 615 1695 Hoc
641 1622 779 1695 oraculi
807 1622 996 1693 decretum
1025 1622 1223 1695 leonidam
1253 1639 1294 1695 ut
1320 1628 1432 1695 vitam

414 1749 610 1822 devoveret
635 1746 803 1845 impulit,
825 1752 919 1819 sicut
941 1761 1048 1819 antea
1069 1748 1187 1819 simile
1202 1744 1433 1847 responsum,

414 1872 559 1952 Codrus
580 1887 621 1943 ut
642 1878 752 1944 vitam
775 1895 880 1944 suam
904 1869 1069 1962 offerret,
1086 1872 1253 1945 effecerat
1267 1883 1293 1943 ¹.
1310 1878 1435 1945 Xerxis

415 2016 540 2073 contra
553 2002 728 2070 Gtaeciam
749 1996 931 2096 expeditio
954 1998 1103 2071 oraculo
1128 1999 1326 2099 plurimum
1348 2024 1434 2099 pro·

417 2122 504 2212 fuit,
535 2129 788 2195 auctoritatem
811 2122 890 2217 ejus
922 2122 1102 2221 augendo.
1132 2128 1319 2195 Exercitus
1347 2126 1432 2195 Per-

416 2254 480 2321 sici
502 2274 585 2347 pars
608 2246 655 2321 ad
670 2246 833 2344 Delphos
847 2246 1057 2345 spoliandos
1069 2247 1231 2347 profecta
1246 2264 1334 2319 erat.
1351 2246 1436 2321 Del·

418 2373 579 2473 phorum
597 2372 725 2443 incolis
742 2371 933 2442 thesauros
954 2397 1039 2443 suos
1066 2378 1104 2443 in
1123 2389 1254 2445 terram
1272 2371 1435 2445 infodere

417 2497 558 2570 autalic
571 2495 1451 2595 transportaredcceruentibus,deusnelacerent

414 2623 606 2709 dissuasit,
626 2647 773 2694 causam
788 2620 942 2694 afferens
960 2621 1029 2693 sibi
1045 2630 1131 2694 satis
1148 2630 1280 2698 virium
1298 2649 1375 2696 esse
1387 2623 1436 2696 ad

419 2746 517 2818 bona
530 2770 596 2816 sua
610 2743 857 2835 defendenda3
877 2772 952 2843 quo
975 2745 1111 2820 factum
1128 2764 1237 2820 estut
1257 2753 1437 2848 sexaginta

420 2883 562 2944 tautum
580 2868 747 2942 homines
762 2895 935 2942 unacum
952 2873 1133 2972 propheta
1148 2875 1300 2972 Delphis
1317 2899 1436 2954 ‚rema-

420 3011 558 3068 nereut.
576 3000 680 3068 Stetit
696 2995 787 3067 deus
801 3002 1007 3093 promissis,
1026 3015 1062 3070 et
1080 3015 1252 3098 operatus
1268 3013 1321 3071 est
1334 3006 1439 3072 mira·

420 3120 523 3211 cula,
541 3120 589 3195 ab
605 3119 792 3193 Herodoto
804 3144 845 3190 ea
856 3145 968 3218 sque
983 3129 1016 3194 ei
1030 3130 1178 3221 propria
1195 3149 1236 3197 ac
1251 3124 1438 3223 peculiaris

421 3261 497 3336 est,
515 3246 741 3345 simplicitate
761 3261 947 3318 enarrata:
965 3273 1066 3320 arma
1087 3265 1214 3346 sponte
1236 3266 1274 3322 et
1294 3256 1439 3322 nemine

422 3370 625 3471 prodeunte
650 3369 787 3469 templo
817 3375 1003 3460 exieruut3
1020 3371 1167 3446 barbeii
1184 3373 1336 3446 fulmine
1353 3379 1439 3448 tacti

423 3494 523 3568 fuere
533 3524 543 3585 ;
555 3523 650 3592 quos
664 3521 772 3598 rupes
788 3520 808 3566 e
829 3500 1003 3570 Parnasso
1017 3475 1147 3570 avulsae
1163 3498 1359 3572 subeuntes
1375 3525 1440 3600 op·

144 3710 145 3733 Χ
423 3638 654 3718 presserunt,
673 3649 780 3696 voces
801 3626 929 3699 divinae
944 3623 1195 3721 clamoresque
1212 3650 1233 3696 e
1258 3625 1341 3697 fano
1369 3628 1439 3694 Mi·

424 3770 539 3816 oervae
572 3749 824 3848 protemplaris
857 3747 1116 3840 audiebantur;
1141 3749 1217 3820 duo
1250 3748 1443 3821 bellatores

421 3869 562 3944 coelitus
582 3871 719 3972 delapsi
741 3873 912 3946 adversus
929 3873 1070 3944 hostem
1094 3871 1310 3944 dimicarunt
1330 3899 1337 3942 :
1357 3895 1442 3970 pos·

422 4010 539 4068 tremo
563 3997 694 4097 Delphi
718 4014 802 4072 suut
817 3999 958 4071 liberati
978 4009 1003 4068 ².
1024 4001 1192 4070 Duorum
1217 3997 1363 4068 illorum
1381 3995 1443 4066 he·

458 4183 464 4208 ⁸
485 4176 555 4229 lior..
574 4187 625 4234 ru,
644 4178 699 4224 220.
718 4203 747 4213 -
766 4175 775 4203 ²
794 4178 865 4234 lter„
884 4185 949 4230 rut,
967 4175 1005 4221 56.
