3484 5225
838 620 975 674 ...3-

396 749 689 849 gubernatricem
707 749 856 838 diaeriS,
876 750 1023 847 minime
1043 740 1230 819 erraveris.
1259 744 1417 819 Cuilibet

396 874 544 947 obvium
562 889 615 947 est
632 897 744 971 quam
767 873 843 945 haec
862 872 1027 949 doctrina
1051 871 1262 972 imperfecta
1282 868 1413 958 fuerit,

397 1025 584 1100 quamque
604 999 718 1072 aliena
739 1022 759 1105 a
780 1004 938 1089 ratione,
954 1022 1027 1096 qua
1048 1024 1114 1071 nos
1130 996 1278 1096 quidem
1297 995 1427 1087 edocti·

395 1149 527 1227 puram
545 1124 675 1197 divinae
688 1123 927 1218 Providentiae
944 1129 1128 1197 notionem
1144 1122 1267 1224 adepti
1277 1146 1414 1195 sumus.

396 1257 486 1346 Qnae
499 1255 693 1349 quamvisa
706 1275 794 1323 vero
807 1250 952 1349 longius
965 1248 1124 1341 recedat,
1140 1274 1213 1322 non
1225 1272 1418 1349 possumus

396 1392 517 1451 umen
535 1402 609 1448 non
629 1374 800 1449 admirari
820 1374 1106 1479 magnitudinem
1123 1374 1419 1471 majestatemque

397 1500 595 1575 Herodotei
627 1506 761 1598 ingenii
788 1517 825 1574 et
858 1490 1116 1575 sublimitatem
1148 1500 1312 1573 historici
1339 1524 1419 1572 vere

400 1631 605 1728 poeticam,
636 1650 748 1723 quam
775 1624 1043 1698 narrationibus
1065 1628 1139 1697 suis
1156 1629 1344 1698 scitissime
1365 1650 1420 1697 as·

400 1757 537 1851 pergit,
558 1776 579 1822 e
598 1749 707 1823 rebus
726 1775 791 1849 per
808 1776 882 1824 sese
901 1754 1048 1823 minime
1066 1749 1324 1823 verisimilibus
1344 1775 1420 1821 mo-

400 1902 484 1949 rum
512 1879 729 1974 virtutisque
759 1881 936 1975 principia
964 1872 1166 1947 felicissime
1192 1873 1418 1948 deducendo.

401 2006 484 2075 Erat
498 2004 595 2074 enim
615 2006 652 2073 in
670 1999 856 2074 Herodoto
878 1988 1069 2085 rectitudo'
1080 2004 1215 2099 ingenii
1238 2006 1422 2099 animique

400 2125 538 2201 candor
562 2127 654 2218 talis,
673 2141 731 2218 ut,
753 2124 935 2224 quidquid
956 2131 993 2197 in
1011 2124 1121 2199 rebus
1143 2126 1189 2199 ab
1210 2126 1424 2199 hominibus

401 2258 510 2351 gestis
522 2252 611 2325 boni
626 2250 753 2324 malive
766 2266 870 2340 esset,
885 2255 1066 2322 verissime
1082 2249 1120 2322 id
1137 2250 1326 2347 judicaret.
1337 2256 1423 2345 Quo

402 2376 445 2447 fit
459 2391 523 2463 ut,
543 2399 588 2447 eo
609 2375 721 2465 duce,
746 2376 897 2447 bistoria
919 2376 1064 2471 justitiae
1087 2380 1305 2474 virtutisque
1329 2401 1424 2449 exer·

404 2502 527 2574 cendae
546 2506 714 2599 magistra
734 2500 873 2574 evadat.
899 2505 989 2575 Nam
1013 2500 1132 2575 laudis
1158 2504 1212 2576 vel
1244 2507 1424 2603 vitupera-

406 2633 512 2701 tionis
527 2631 723 2726 aequiorem
736 2653 780 2701 eo
794 2627 1066 2702 distributorem
1081 2627 1231 2704 difficile
1252 2634 1423 2728 reperias,

320 2781 324 2786 ·
405 2751 568 2848 ejusdem
586 2752 695 2824 simul
712 2753 880 2853 exemplo
897 2752 1063 2844 edoctus,
1080 2779 1224 2828 morum
1245 2760 1424 2853 iutegrita-

406 2892 478 2949 tem
497 2900 675 2948 summam
697 2875 754 2948 vel
775 2881 812 2949 in
836 2901 881 2949 eo
905 2879 1020 2950 inesse
1043 2903 1150 2977 posse
1168 2883 1233 2976 qui
1250 2876 1295 2950 de
1315 2877 1424 2950 rebus

407 3001 538 3076 divinis
555 3005 675 3075 minus
690 3016 858 3075 accurate
875 3008 991 3074 sentit.

455 3126 575 3199 Habes
591 3111 672 3224 quae
689 3152 733 3198 ex
751 3127 902 3200 historia
914 3124 1115 3199 herodotea
1135 3131 1171 3198 in
1187 3125 1247 3200 illa
1262 3127 1428 3201 disserta·

409 3258 507 3325 tione
523 3250 757 3348 disquirenda
785 3251 874 3322 mibi
895 3256 1082 3351 proposui.
1101 3257 1179 3324 Jam
1194 3278 1288 3351 opus
1306 3259 1425 3352 ipsum

407 3374 660 3475 aggrediamur
672 3381 830 3449 auctoris
842 3381 971 3465 nostri,
985 3375 1031 3448 de
1041 3381 1189 3468 virtute,
1203 3377 1249 3451 de
1263 3379 1425 3479 pbiloso-

408 3500 493 3598 phia
510 3507 675 3574 notiones
687 3509 863 3599 ingenere
877 3500 1108 3600 exponendo,
1125 3500 1209 3574 inde
1219 3501 1266 3576 ad
1281 3504 1424 3604 religio·

408 3649 491 3696 nem
509 3638 546 3696 et
562 3629 836 3724 superstitiones
848 3625 984 3723 quibus
1000 3625 1165 3700 homines
1180 3632 1338 3727 antiqui,
1348 3653 1426 3702 ora·

408 3748 575 3822 culorum
590 3748 758 3839 cultores,
768 3749 993 3843 laborabant,
1003 3749 1123 3850 adque
1139 3777 1182 3827 ea
1195 3779 1276 3853 quae
1290 3753 1335 3827 de
1349 3753 1424 3828 fato

409 3874 623 3966 sentiebant,
638 3880 836 3950 transituri.

809 4075 1006 4090 b——un-nfl
