3484 5225
321 819 426 885 rourn
454 838 549 884 unus
573 812 964 913 Phylacuspdntonoiis
985 807 1075 887 alter
1095 832 1338 917 nuncupatur.

319 942 360 1009 ln
388 942 569 1010 Pausaniae
599 964 751 1036 quoque
781 942 950 1038 scriptisI
982 938 1157 1040 Phylacus
1189 925 1337 1037 quidam

319 1040 585 1135 Gallos'fertn'r
609 1088 655 1134 ne
680 1063 855 1162 templum
886 1062 1101 1164 Delphicum
1118 1065 1338 1165 spoliarent,

320 1182 561 1287 impedivisse.
592 1188 743 1261 Nullum
772 1164 868 1259 enirn
897 1187 1111 1287 figmentum
1138 1206 1212 1289 est,
1239 1188 1341 1288 quod

319 1316 357 1382 in
375 1311 524 1383 historia
543 1338 616 1382 non
638 1313 869 1384 multifariam
886 1328 921 1383 et
944 1313 1093 1385 diversis
1114 1314 1342 1413 temporibus

320 1424 496 1508 occurrat.
529 1419 752 1535 Imagiuandi
777 1435 926 1510 facultas
944 1442 1036 1509 intra
1056 1436 1146 1509 lines
1169 1464 1253 1509 suos
1268 1444 1341 1509 cir-

320 1551 537 1659 cumscripta
555 1578 627 1652 cst3
646 1556 824 1633 similibus
841 1587 986 1663 semper
1002 1543 1216 1634 commentis
1233 1562 1342 1635 alitur

319 1682 523 1757 credulitas.
760 1670 764 1673 ⁹
1234 1762 1236 1769 ,

368 1816 449 1881 Heec
473 1825 508 1880 et
533 1808 616 1881 talia
637 1809 811 1883 miracula
837 1811 1013 1913 Apollinis
1043 1812 1159 1909 Pythii
1182 1816 1340 1885 auctori·

320 1948 429 2005 tatem
450 1929 526 2005 non
541 1919 708 2032 poterant
732 1939 767 2005 iu
789 1942 917 2005 animis
934 1940 1140 2008 Graecorum
1167 1926 1240 2007 non
1260 1922 1343 2007 con·

255 2132 260 2134 ,
320 2056 486 2148 firmare,
516 2064 574 2129 cui
601 2060 675 2155 jam
705 2063 840 2129 Graecia
874 2064 991 2130 omnis
1022 2085 1058 2130 se
1090 2050 1341 2157 permittebat,

318 2197 511 2279 antequam
529 2181 740 2279 hujusmodi
754 2181 983 2254 documentis
1001 2172 1113 2253 fidem
1140 2184 1209 2254 sibi
1225 2192 1340 2253 anxis-

319 2322 384 2379 set.
415 2304 646 2378 Athenienses
673 2306 851 2377 theoriam
877 2306 921 2378 ad
953 2305 1035 2378 eum
1064 2310 1232 2379 miserant
1259 2333 1341 2405 quac

320 2420 532 2529 responsum
567 2432 668 2519 tulit,
706 2430 804 2529 quod
835 2434 1057 2529 sagacissime
1089 2439 1342 2531 interpretatus

320 2572 371 2629 est
399 2554 684 2627 Themistocles²
705 2559 768 2652 qui
794 2581 836 2626 ex
864 2552 961 2628 illins
987 2544 1167 2657 praecepto
1195 2582 1339 2628 onmem

319 2677 405 2751 belli
429 2675 607 2750 rationem
633 2676 783 2750 feliciter
803 2664 967 2752 instituit.
996 2681 1230 2753 Attribueuda
1258 2677 1359 2754 sunt¹

320 2809 425 2875 etiam
445 2803 582 2902 Pythiae
595 2803 738 2900 jubenti
755 2805 931 2910 sacrificia
953 2832 1034 2903 quac
1053 2811 1206 2877 universi
1226 2812 1341 2879 Groeci

321 2927 531 3000 obtulerunt
548 2933 679 3016 ventis,
694 2934 758 3024 qui
777 2954 845 3028 pro
863 2934 906 3000 iis
924 2927 1218 3031 adlArtemisium
1238 2932 1343 3000 dimi·

322 3068 459 3139 carunt,
476 3053 569 3123 etad
589 3057 730 3150 Sepiam
750 3058 1044 3151 promontorium
1059 3051 1243 3122 dimidium
1259 3078 1341 3152 par-

316 3178 392 3248 'tem
411 3176 651 3248 barbarorum
668 3175 787 3247 classis
802 3175 1023 3248 destruxere.
1042 3182 1104 3248 His
1122 3177 1216 3280 adde
1234 3179 1339 3250 Athe·
1407 3204 1411 3211 ·

320 3307 497 3372 niensium
517 3325 615 3372 sacra
641 3300 835 3399 peculiaria
855 3301 976 3372 Boreae
1006 3318 1116 3399 atque
1147 3304 1339 3401 Orithyia,

322 3425 391 3495 diis
411 3429 553 3523 patriis,
572 3425 692 3496 oblata
712 3421 739 3513 3,
757 3452 829 3522 qua
853 3441 1062 3524 tempestate
1088 3432 1206 3524 Magi,
1227 3444 1266 3499 nt
1284 3427 1341 3498 fn-

323 3555 436 3621 rentia
471 3564 594 3620 contra
625 3553 748 3620 Persas
780 3549 955 3621 elementa
986 3550 1168 3642 sedarent,
1200 3553 1342 3625 'theridi

323 3676 436 3746 ventis
456 3689 491 3746 et
506 3675 722 3748 Nereidibus
745 3679 907 3747 victimas
923 3676 1152 3750 immolarunt
1168 3679 1192 3748 4.
1214 3680 1342 3750 l‘raedi·

360 3933 368 3965 ¹
388 3935 471 3997 Paos,
488 3949 508 3999 ι,
521 3941 565 3998 tt;
582 3951 614 3999 x,
631 3941 672 3999 23,
689 3942 715 3999 3,
736 3937 775 3986 ed.
793 3939 873 3989 Watz.

356 4029 366 4059 ²
385 4032 456 4092 tien,
474 4035 527 4092 vn,
546 4036 599 4091 tto,
616 4036 670 4082 tlt.

362 4127 371 4155 ³
389 4131 460 4185 tter..
474 4141 526 4189 rn,
542 4133 595 4191 178,
608 4135 662 4180 189.

357 4225 366 4255 ⁴
380 4215 455 4288 lter,
474 4238 525 4286 vn,
539 4229 591 4276 191.
