3484 5225
759 618 916 672 ...45-

326 748 404 816 ries.
423 748 472 815 Ει
490 743 583 815 urbe
608 748 711 835 Buti,
737 752 785 817 ait
808 745 1031 836 Herodotus,
1059 754 1243 847 Mycenno
1265 774 1346 825 ora·

325 868 449 940 culum
464 884 628 959 venerat,
646 867 724 942 fore
748 886 789 941 ut
809 897 869 942 sex
889 876 1038 945 omnino
1054 900 1168 946 annos
1185 880 1322 949 viveret
1334 919 1347 965 ,·
1424 859 1432 865 ⁶

325 997 480 1091 septimo
514 992 763 1066 defuncturus.
798 994 838 1065 Id
863 1020 947 1067 cum
973 1020 1068 1094 aegre
1093 996 1219 1087 ferret,
1248 1004 1343 1073 misit

323 1117 369 1190 ad
396 1117 590 1191 oraculum
614 1118 894 1191 contumeliosas
916 1124 1187 1217 querimonias:
1210 1121 1337 1220 quod,

324 1269 407 1317 cum
436 1260 540 1342 pater
568 1270 656 1317 suus
691 1262 728 1316 et
757 1262 907 1344 patruus
940 1253 1004 1344 qui
1039 1247 1195 1321 deorum
1212 1253 1343 1321 imme·'

326 1394 444 1442 mores
475 1369 608 1468 templa
640 1370 865 1458 clauserant,
890 1369 1020 1443 -tandiu
1049 1377 1236 1465 vixissent,
1269 1380 1348 1473 ipse

323 1500 382 1594 pie
397 1493 531 1567 iaciens
551 1511 623 1566 tam
643 1499 715 1566 cito
731 1493 826 1567 foret
840 1501 912 1567 vita
930 1494 1180 1570 defuncturus.
1198 1504 1344 1573 Rursus
1452 1492 1456 1501 ’

322 1624 505 1691 eivenisse
521 1618 695 1693 dicuntur
709 1646 752 1691 ex
768 1620 919 1693 oraculo
933 1646 1120 1720 responsa,
1137 1647 1179 1695 ea
1193 1636 1346 1723 propter

323 1747 443 1843 ipsum
460 1770 615 1843 propere
623 1749 730 1817 vitam
746 1743 935 1817 finiturum
951 1745 1052 1844 quod
1068 1771 1141 1817 non
1157 1746 1194 1818 id
1211 1746 1346 1822 laceret

322 1868 423 1965 qnod
448 1868 607 1941 deberet.
628 1876 842 1968 Oportuisse
859 1877 955 1942 enirn
980 1875 1173 1971 AEgyptum
1197 1886 1342 1945 centum

321 2002 583 2093 quinquaginta
618 2003 721 2068 annis
745 1993 880 2091 afiligi:
902 1995 1013 2093 idque
1045 1996 1138 2068 duos
1165 2005 1228 2093 qui
1260 2013 1341 2069 ante

321 2144 406 2193 eum
445 2119 595 2195 fuissent
627 2096 726 2217 reges
762 2119 950 2208 didicisse,
980 2124 1100 2219 ipsum
1141 2146 1242 2208 vero,
1276 2144 1341 2192 ne·

320 2270 505 2342 quaquam
523 2256 557 2314 ¹.
587 2244 852 2334 Psammetichi,
888 2247 994 2335 Neci,
1029 2250 1164 2317 Amasis
1191 2245 1340 2319 historia

320 2368 475 2459 tabulis,
500 2394 573 2441 non
609 2376 787 2445 minorem
817 2373 1111 2468 superstitionem
1143 2369 1342 2441 denotanti-

319 2492 407 2580 bus,
428 2490 558 2564 referta
569 2507 638 2582 est;
656 2490 827 2589 equibus
838 2498 944 2562 etiam
964 2496 1112 2578 Amasis,
1129 2498 1193 2587 qui
1210 2490 1339 2562 eodem

319 2643 396 2714 quo
433 2621 768 2716 Croesustempore
795 2619 901 2701 vixit,
937 2640 1021 2687 cum
1045 2615 1187 2715 templis
1213 2639 1340 2688 oracu-

318 2741 436 2840 lisque
457 2747 601 2814 Graeciae
619 2740 738 2812 foedus
754 2745 1023 2836 amicitiamque
1040 2739 1159 2835 junxit
1178 2751 1203 2810 ².

368 2873 533 2964 Longum
549 2875 594 2938 sit
607 2882 643 2938 et
660 2863 883 2939 fastidiosum
903 2889 1101 2935 memorare
1116 2866 1339 2962 singulatim,

318 2990 454 3087 quibus
466 2990 694 3089 temporibus
708 2991 841 3062 locisve
850 2987 975 3086 Pythia
989 3003 1108 3086 partes
1121 3013 1203 3059 suas
1215 2997 1339 3086 egerit.-

318 3121 440 3207 Qnare
457 3123 640 3213 praecipua
653 3130 792 3187 tantum
806 3112 899 3186 facta
910 3111 1338 3212 consideremus‚inspec·

318 3246 565 3339 turiprimum
583 3240 700 3336 qualis
713 3241 791 3335 ejus
802 3263 916 3337 opera
933 3239 1042 3310 luerit.
1061 3243 1097 3308 in
1109 3239 1337 3336 rebusspar·

318 3369 638 3436 tanis.Pronuntiat
650 3370 746 3435 enim
756 3368 942 3460 sancitque
959 3361 1085 3460 Pythia
1098 3387 1338 3460 quaecumque

317 3486 377 3559 liic
394 3489 555 3587 populus
579 3495 677 3587 agit,
702 3495 739 3560 in
757 3486 1017 3561 constituendis
1036 3491 1188 3559 civitatis
1206 3486 1337 3577 rebus,

316 3638 355 3682 m
373 3613 515 3710 legibus
526 3612 695 3703 ferendis,
720 3619 756 3683 in
774 3620 878 3684 terris
893 3628 1101 3686 exterorum
1116 3637 1191 3686 suae
1205 3614 1337 3685 ditioni

316 3735 560 3831 subjiciendis,
575 3742 613 3807 in
630 3737 784 3809 coloniis
806 3735 1001 3826 ducendis,
1022 3742 1060 3808 in
1076 3735 1240 3810 sedandis
1252 3734 1335 3806 'dis-

315 3857 540 3933 sensionibus
551 3865 739 3958 intestinis.
756 3864 841 3952 Quo
870 3877 1035 3960 tempore
1052 3865 1240 3933 Dorienses
1257 3874 1338 3958 post

346 4072 353 4097 ¹
373 4065 442 4124 tter,
465 4073 498 4122 ιι,
515 4045 572 4111 tas.

346 4158 355 4186 ²
373 4162 443 4218 tter..
465 4171 496 4216 ιι,
515 4161 568 4218 tar,
585 4161 638 4215 tta,
657 4161 710 4208 trs.
