3484 5225
759 647 917 701 ..59-

369 777 448 843 Iam
467 778 650 869 graviores
668 772 767 844 locos
788 798 1056 863 recenseamus,
1077 776 1211 873 quibus
1230 782 1343 848 Hero·

321 895 429 968 dotus
447 919 581 967 numen
600 896 819 971 invidiosum
839 905 875 969 in
894 926 950 970 res
973 898 1131 971 historiae
1148 905 1259 998 inque
1281 900 1346 971 ho·
1408 927 1411 935 ’
1490 956 1497 972 .

321 1025 460 1093 minum
480 1036 615 1092 coetum
644 1020 855 1093 introduxit.
876 1026 1002 1093 Statim
1027 1022 1073 1093 ab
1100 1027 1202 1094 initio
1220 1039 1345 1095 auctor

320 1160 443 1217 noster
465 1148 544 1216 θείου
569 1149 708 1241 φθονεροῦ
725 1144 929 1217 doctrinam
949 1151 985 1217 in
1011 1146 1172 1234 medium
1197 1148 1347 1246 profert,

320 1274 436 1341 Croesi
458 1286 493 1341 et
514 1270 657 1342 Solonis
676 1268 835 1341 referens
847 1268 1081 1369 colloquium
1102 1277 1344 1364 notissimum,

320 1406 356 1464 et
369 1398 492 1489 inquo
506 1398 623 1465 omnis
637 1392 812 1464 Herodoti
830 1393 1063 1493 philosophia
1078 1393 1235 1483 moralis,
1249 1422 1346 1493 quae·

319 1541 392 1614 que
419 1516 464 1588 de
482 1515 652 1589 felicitate
671 1517 831 1590 humana
859 1519 1056 1608 sentiebat,
1086 1518 1346 1616 comprehensa

320 1655 416 1714 sunt.
432 1646 659 1713 Beatissimae
676 1658 746 1729 est,
765 1667 809 1713 eo
824 1641 969 1737 judice,
989 1650 1054 1740 qui
1079 1649 1231 1742 patriam
1253 1644 1346 1717 vidit
1397 1739 1400 1745 Ι
1426 1718 1429 1725 ,

208 1804 212 1812 ·
322 1766 559 1855 fortunatam3
588 1772 653 1862 qui
691 1770 766 1837 otio
798 1790 883 1837 cum
916 1766 1088 1863 dignitate
1121 1768 1193 1841 frui
1226 1773 1348 1869 potuit

320 1897 357 1961 in
383 1889 517 1962 familia
547 1891 660 1962 multa
690 1914 956 1990 prosperaque,
984 1898 1048 1988 qui
1075 1891 1231 1989 denique
1252 1883 1368 1965 inter*

319 2014 565 2088 dimicandum
583 2042 668 2088 cum
683 2016 798 2113 gloria
818 2016 993 2087 occubuit
1014 2024 1037 2085 ¹.
1059 2016 1101 2087 Id
1116 2016 1217 2087 Tello
1235 2026 1347 2089 conti·

324 2147 376 2240 git
396 2141 618 2213 Atheniensi.
654 2145 745 2223 Item
764 2139 909 2210 duobus
928 2138 997 2209 iliis
1015 2137 1189 2211 iratribus
1207 2146 1270 2237 qui
1288 2143 1345 2237 ju·
1378 2128 1380 2133 ’

320 2292 406 2364 gum
429 2264 627 2336 subeuntes
646 2264 850 2363 plaustrum
872 2279 1120 2361 pertraxerant
1139 2290 1213 2363 quo
1233 2282 1355 2337 mater·

322 2389 533 2479 vehebatur,
559 2394 718 2488 optimus
736 2388 867 2485 obtigit
888 2392 967 2459 vitae
991 2394 1116 2461 exitus.
1138 2392 1255 2462 Nemo
1279 2394 1340 2489 igi-

321 2529 395 2605 tur,
421 2516 563 2587 Solonis
580 2513 730 2611 quidem
750 2512 909 2610 jndicio,
933 2528 1015 2585 ante
1039 2528 1193 2585 mortem
1212 2514 1343 2587 beatus

319 2639 537 2736 judicandus
554 2653 620 2725 est,
640 2661 706 2710 nec
738 2642 776 2707 in
802 2630 936 2708 divitiis
961 2637 1136 2736 opibusve
1159 2662 1342 2710 summum

279 2795 292 2821 x
321 2763 460 2836 bonurn
489 2763 699 2861 ponendum
729 2777 793 2834 est.
821 2761 965 2854 Quibus
993 2749 1112 2835 verbis
1139 2763 1343 2863 indignatus

322 2893 467 2962 Croesus
484 2893 645 2987 quaesivit
665 2913 708 2958 ex
721 2887 852 2958 Solone
870 2903 943 2958 tam
963 2894 1109 2986 parvino
1126 2895 1238 2986 ipsius
1254 2915 1342 2988 opes

291 3005 294 3011 ’
321 3011 493 3085 duceret?
512 3013 557 3085 ad
574 3037 657 3111 quae
672 3017 747 3084 θεῖον
766 3014 903 3108 φθονερόν
923 3009 1087 3082 obtendit
1108 3011 1239 3100 Solon,
1259 3030 1342 3085 aute

321 3143 401 3209 vitae
423 3137 535 3209 finem
554 3138 644 3209 nulii
667 3163 742 3210 non
760 3134 1082 3208 reformidandum.
1106 3139 1194 3226 Cur,
1211 3140 1340 3234 inquit,

321 3287 345 3334 o
365 3267 499 3352 Croese,
521 3288 578 3334 me
595 3287 748 3361 gnarum
764 3277 901 3331 numen
924 3259 1086 3331 invidum
1107 3286 1183 3333 esse
1209 3275 1244 3333 et
1266 3276 1340 3333 tur-

321 3385 527 3475 bulentum,
556 3386 601 3458 de
620 3386 728 3457 rebus
747 3385 916 3456 humanis
943 3386 1230 3482 inter·rogas?1u
1256 3385 1338 3459 diu·

321 3525 431 3582 turno
452 3515 547 3583 enim
565 3489 731 3610 tempore
743 3510 856 3582 multa
872 3509 1041 3582 videntur
1056 3535 1137 3607 quae
1152 3535 1259 3583 nemo
1280 3537 1340 3584 ve-

321 3633 363 3704 tit
378 3632 519 3725 videre,
541 3649 576 3704 et
591 3632 793 3704 tolerantur
818 3631 932 3703 multa
953 3655 1034 3730 quae
1048 3631 1140 3703 nolit
1160 3637 1339 3732 quispiam

322 3758 541 3832 toierare.....
569 3758 702 3841 horum
736 3756 878 3829 dierum
908 3763 1072 3829 omnium
1099 3762 1163 3854 qui
1191 3763 1337 3828 suntin

321 3949 347 4001 p.
358 3939 401 3995 er,
411 3933 510 3999 sq.‚ed.
522 3935 588 3986 ltob.
602 3935 689 3999 Steph.
702 3936 771 3995 Lat,
785 3936 853 3985 1606.
871 3933 946 3986 (litat.
958 3947 1061 3997 quoque
1072 3933 1098 3981 iu
1113 3930 1216 3996 deleat,
1232 3931 1272 3983 SS.
1286 3933 1338 3983 Pa-

320 4022 388 4067 uum
398 4029 421 4066 a.
430 4014 478 4065 tir.
488 4014 555 4065 doct.
570 4013 633 4065 Lud.
642 4013 676 4065 de
686 4014 796 4076 sinuen,
808 4028 833 4078 p.
844 4017 899 4064 ¹22.
908 4016 969 4076 Quae
976 4013 1138 4063 casaubonus
1147 4011 1263 4061 observat
1273 4011 1338 4062 bene

320 4103 349 4145 se
365 4093 475 4154 habeut,
495 4093 556 4144 lieet
572 4095 616 4146 ss.
631 4096 719 4146 Patres
729 4093 905 4146 vehementius
922 4093 1066 4155 increpasse
1085 4090 1119 4140 stt
1130 4089 1264 4158 putandus.

353 4198 361 4225 ¹
380 4191 452 4250 nen,
469 4201 489 4251 r,
501 4193 540 4251 ³⁰,
555 4197 614 4253 sqqi
