3484 5225
716 657 927 731 '-st-

339 815 457 872 morte
481 798 636 872 afflictus
656 817 727 886 est,
747 802 829 874 dein
857 802 1021 874 libertate
1043 824 1227 899 regnoque
1243 792 1358 874 amis·
1419 864 1422 869 .

339 931 396 997 sis.
426 924 632 999 Herodotus
656 930 786 1016 Croesi,
808 928 1047 999 humanarum
1073 926 1358 999 vicissitudinum

325 1038 492 1161 'victimae
516 1041 621 1151 simul
648 1067 682 1123 et
711 1052 877 1151 exempli,
906 1051 989 1123 ideo
1010 1050 1230 1149 protendere·
1243 1068 1360 1151 partes

338 1175 496 1262 videtur,
519 1192 561 1247 ut
581 1174 736 1247 salutare
758 1175 842 1247 inde
860 1180 1011 1273 posteris
1028 1192 1249 1275 praeceptum
1274 1200 1359 1273 pro·

339 1314 502 1399 poneret.
529 1304 673 1370 Croesus
697 1306 732 1369 iu
758 1325 897 1371 scenam
922 1302 1022 1395 juxta
1039 1304 1176 1397 Cyrum
1200 1315 1234 1371 et
1251 1305 1358 1373 Cam·

316 1451 319 1455 ·
338 1423 464 1521 bysem
483 1448 624 1521 semper
640 1423 822 1511 inductus,
837 1422 939 1495 chori
957 1428 1081 1521 tragici
1095 1438 1215 1519 partes
1235 1430 1309 1522 agit
1324 1433 1333 1466 ¹
1347 1452 1356 1512 3

339 1548 401 1619 sed
430 1547 620 1620 monendo
642 1544 792 1646 operam
823 1548 954 1620 frustra
979 1526 1171 1621 consumit.
1198 1552 1358 1645 Nequic·

339 1699 450 1770 quam
467 1671 554 1744 dicit
570 1678 686 1771 Cyro:
702 1678 769 1743 «Si
789 1687 824 1743 te
842 1671 1080 1744 immortalem
1104 1670 1230 1760 credis,
1247 1676 1275 1743 si
1293 1676 1359 1741 im·

326 1798 546 1869 'mortalium
562 1802 734 1870 exercitui
758 1822 905 1897 praeesse
923 1813 958 1868 te
984 1812 1099 1896 putas,
1115 1796 1355 1869 calamitatum

341 1946 501 1992 mearum
529 1921 731 2019 exemplum
757 1921 825 1993 tibi
849 1920 986 1992 nullam
1015 1918 1121 1992 affert
1152 1920 1355 1991 utilitatem.

339 2051 400 2117 Sin
415 2072 498 2116 vero
516 2071 727 2144 persuasum
745 2045 869 2133 babeS,
884 2046 1069 2116 bominem
1087 2060 1121 2115 te
1136 2071 1221 2132 esse,
1239 2046 1358 2116 bomi-

328 2169 520 2267 nibusque
546 2176 723 2269 imperare
751 2176 803 2241 tui
827 2169 1025 2260 similibus,
1050 2172 1212 2266 inprimis
1237 2196 1359 2241 rerum

327 2294 582 2366 vhumanarum
599 2290 860 2366 vicissitudines
881 2310 962 2365 ante
978 2294 1104 2382 oculos
1119 2293 1262 2366 habeto.
1279 2299 1357 2365 Cir·

337 2419 460 2492 culum
477 2420 540 2491 tibi
560 2420 654 2518 finge
671 2419 858 2507 mobilem,
877 2425 941 2516 qui
955 2434 1109 2508 rotatus,
1126 2444 1266 2517 semper
1284 2444 1358 2490 eos·
1409 2420 1411 2423 ’

338 2544 420 2617 dem
445 2545 647 2616 fortunatos
666 2568 741 2615 esse
765 2568 839 2614 non
866 2548 948 2615 sinit
964 2554 1022 2616 ’,ο
1043 2530 1102 2616 His
1127 2546 1272 2616 monitis
1289 2548 1358 2641 Cy·

337 2695 398 2740 rus
415 2695 486 2740 non
505 2669 771 2767 obtemperans,
789 2665 881 2772 fastu
902 2667 1075 2768 abreptus
1093 2673 1202 2739 vitam
1223 2666 1360 2764 felicisf-

337 2799 426 2864 sime
452 2794 680 2887 inchoatam,
710 2799 747 2865 in
776 2794 874 2866 bello
905 2810 1029 2866 contra
1059 2797 1272 2892 Massagetas
1297 2800 1358 2864 in-

337 2907 443 3015 cepto
459 2925 612 3016 turpiter
631 2917 735 2988 finiit.
770 2918 963 3016 Cambyses
982 2925 1118 3016 etipse,
1136 2921 1238 3013 cujus
1253 2923 1358 2989 nimis

336 3041 491 3113 secunda
508 3041 653 3113 fortuna
672 3041 834 3114 eamdem
854 3041 1041 3140 caliginem
1066 3047 1176 3111 menti
1196 3039 1357 3111 suffude-

317 3180 405 3254 ·rat,
424 3191 496 3236 non
512 3182 593 3238 ante
608 3191 818 3264 supremum
837 3171 916 3237 viter
939 3164 1035 3236 diem
1055 3163 1195 3260 abjecto
1217 3177 1353 3258 errore,

335 3296 481 3387 agnovit
507 3296 704 3388 potentiam
728 3289 887 3385 aliquam
908 3315 983 3362 esse
1004 3288 1156 3361 divinam
1176 3289 1279 3384 cujus
1303 3294 1354 3362 ic·

336 3426 395 3482 tus
411 3419 525 3485 vitare
541 3413 630 3484 nulli
649 3438 856 3484 concessum
875 3429 928 3485 est
941 3409 966 3484 3.

384 3541 466 3608 Post
487 3538 580 3610 banc
597 3551 649 3607 τοῦ
667 3536 743 3607 θείου
763 3541 901 3633 φθονεροῦ
917 3535 1118 3608 doctrinam
1136 3538 1212 3634 jam
1226 3541 1353 3628 Croesi,

336 3666 417 3760 Cyri
444 3677 478 3732 et
502 3663 688 3759 Cambysis
711 3662 820 3733 rebus
843 3661 1165 3754 accommodatam,
1188 3688 1265 3734 eam
1290 3663 1353 3733 de·

322 3811 411 3856 *uuo
423 3811 495 3856 non
513 3791 630 3858 minus
641 3778 724 3884 apte
738 3801 773 3856 et
788 3785 939 3856 feliciter
952 3792 987 3857 iu
1000 3786 1205 3884 Polycratis,
1217 3789 1353 3856 Samio·

366 4025 373 4051 ¹
393 4014 431 4064 Cl.
449 4015 502 4066 ott.
521 4016 622 4079 Miller,
643 4015 733 4069 desen
744 4015 904 4095 derGrieclt.
917 4014 1006 4076 Lites,
1021 4019 1040 4062 t.
1054 4023 1074 4074 1,
1086 4015 1144 4062 tto.

366 4110 375 4140 ²
394 4113 465 4173 tien,
484 4123 504 4172 1,
523 4115 578 4162 2⁰¹1.

365 4207 376 4236 ⁸
394 4210 464 4268 Heu,
485 4218 530 4266 ιιι,
548 4211 588 4256 65.
