3484 5225
838 572 1021 627 -re-·

408 717 563 775 mortem
598 700 816 776 Aristodemi
844 700 1138 807 Peloponnesum
1178 716 1426 799 occuparent,

406 826 677 900 Lacedaemontt
700 830 830 911 nescii,
857 841 980 899 utrum
1010 851 1030 897 e
1056 823 1203 897 duobus
1225 824 1321 897 iilius
1345 824 1429 899 filiis

407 975 530 1049 regern
552 964 755 1039 sumerent,
775 949 965 1023 oraculum
994 948 1183 1037 adierunt,
1207 947 1310 1047 qnod
1333 955 1430 1047 ipsos

408 1092 453 1164 nt
474 1076 692 1149 alterutrum
716 1076 890 1175 eligerent
920 1076 1036 1171 jussit.
1066 1073 1200 1147 Eadem
1227 1079 1333 1150 etiam
1363 1079 1429 1173 Py·

408 1200 510 1275 tbia¹
530 1204 695 1275 eximiam
719 1204 876 1297 Lycurgi
900 1203 1084 1299 sapientiae
1109 1197 1255 1271 laudem
1281 1198 1429 1289 tribuit,

408 1350 478 1401 noc
490 1324 620 1399 desunt
637 1330 704 1422 qui
721 1339 870 1424 putant,
895 1322 1082 1397 Herodoto
1100 1339 1188 1397 teste
1202 1336 1230 1415 ²,
1249 1322 1346 1398 iilam
1361 1328 1430 1425 ipsi

408 1452 507 1550 teges
522 1474 606 1523 suas
623 1448 784 1525 dictasse.
799 1454 881 1548 lpsa
894 1472 1046 1546 quoque
1066 1448 1263 1547 nepotibus
1283 1449 1427 1539 There,

409 1575 577 1653 avunculi
611 1574 849 1674 Eurysthenis
875 1590 911 1646 et
932 1573 1085 1663 Proclis,
1116 1573 1285 1647 urbisin
1317 1574 1429 1672 Libya

410 1698 610 1775 condenda
630 1699 822 1772 consilium
846 1696 947 1771 dedit
961 1693 991 1768 3.
1022 1702 1069 1769 Hi
1092 1698 1246 1773 Theram
1265 1698 1431 1789 insulam,

408 1824 622 1897 Callistama
637 1822 820 1896 veteribus
832 1827 1069 1913 nominatam,
1084 1823 1289 1913 incolentes,
1302 1848 1430 1923 parum

410 1962 586 2022 curarunt
604 1947 806 2021 oraculum.
823 1954 992 2045 Cumque
1014 1946 1145 2021 coelum
1173 1948 1315 2024 aridum
1333 1954 1431 2048 ipso·

410 2100 492 2149 rum
507 2079 648 2173 regioni
666 2072 858 2162 insideret,
876 2072 1066 2147 oraculum
1082 2073 1176 2148 hanc
1194 2073 1431 2149 calamitatem

410 2203 497 2299 ipsis
513 2198 843 2287 obvenisseedixit,
862 2198 963 2295 quod
982 2203 1056 2271 suis
1074 2203 1260 2299 praeceptis
1281 2224 1355 2271 non
1367 2199 1432 2273 ob-

412 2319 679 2421 temperassent.
695 2324 886 2418 lntcrjecto
903 2322 1034 2396 deiude
1050 2338 1236 2423 ternpore,
1250 2324 1432 2399 coloniam

411 2446 651 2521 condiderunt
681 2450 719 2519 in
743 2446 886 2537 Piataea,
915 2471 996 2545 quae
1019 2449 1135 2521 insula
1157 2474 1229 2521 orae
1248 2446 1355 2547 tibyae
1370 2450 1434 2523 ad·

408 2574 523 2668 jacet,
554 2587 680 2646 contra
710 2571 847 2646 oraculi
879 2574 1125 2662 voluntatem,
1159 2574 1262 2673 quod
1301 2600 1432 2676 praece·

412 2712 515 2794 perat
544 2710 584 2768 ut
609 2701 757 2792 Cyrenas
787 2704 909 2796 potius
931 2697 1051 2770 sedem
1079 2716 1296 2796 quaererent.
1321 2703 1433 2798 Cujus

413 2820 590 2906 mandatis
619 2818 665 2894 ad
709 2837 934 2920 postremum
975 2823 1333 2925 obtemperaverunt.
1366 2852 1433 2901 nec

414 2945 628 3025 melioribus
644 2952 698 3019 usi
727 2963 810 3052 sunt
829 2953 1019 3046 auspiciis,
1045 2967 1149 3028 autea
1175 2977 1284 3048 quam
1314 2959 1433 3053 ipsum

413 3071 536 3169 Libyae
552 3076 796 3145 continentem
814 3090 1060 3172 occupassent.
1083 3079 1140 3148 Sic
1152 3080 1188 3148 in
1203 3081 1330 3150 ceteris
1342 3104 1433 3176 quo·

413 3222 487 3295 que
503 3195 612 3268 rebus
634 3195 682 3271 ad
699 3200 876 3293 Gyreuam
904 3199 1151 3297 spectantibus
1176 3199 1433 3276 dominabatur

413 3321 552 3396 oraculi
567 3325 775 3393 sustentas.

331 3496 335 3504 -
463 3445 595 3542 Aliquo
626 3461 706 3544 post
735 3460 899 3545 tempore
925 3474 1040 3545 quum
1070 3453 1242 3541 Dorieus,
1269 3454 1430 3524 Anaxau·

416 3567 530 3641 dridis
545 3568 660 3659 filius,
678 3575 806 3668 Sparta
817 3571 959 3661 relicta,
976 3573 1155 3646 coloniam
1174 3579 1211 3646 in
1225 3576 1337 3675 Libya
1354 3599 1435 3648 con·

415 3693 536 3787 deret,
554 3690 643 3765 fisus
660 3695 789 3791 procul
808 3694 923 3769 dubio
942 3703 1087 3772 monitis
1109 3699 1157 3772 ab
1180 3700 1329 3773 oraculo
1346 3705 1433 3774 anti·

445 3927 454 3954 ¹
472 3919 544 3976 tter„
559 3927 600 3978 vr,
621 3919 660 3966 52.

446 4014 456 4043 ²
474 4017 545 4073 tien,
563 4025 583 4073 r,
596 4017 637 4062 st.
721 4029 731 4052 ο

450 4110 459 4138 ³
477 4113 547 4166 tter..
569 4111 746 4169 tr,t.'›tt,158.
