3484 5225
835 608 934 665 ..30
955 627 994 651 ²

408 740 692 830 introducendo,
708 739 875 812 historias
891 762 973 811 suas
996 736 1042 809 ad
1061 736 1181 809 Iliadis
1199 743 1310 809 instar
1325 759 1425 809 com-

407 875 570 969 posuerit
601 876 626 938 ¹.
660 864 771 958 Quod
802 863 952 962 quidem
990 867 1042 935 ita
1075 880 1160 934 eutn
1180 867 1426 953 instituisse,

406 1016 491 1065 cave
510 995 655 1080 credas,
672 1014 774 1061 more
791 1013 919 1060 eorum
936 992 1001 1085 qui
1015 985 1195 1084 jucundas
1214 993 1428 1060 narrationi·

408 1119 478 1190 bus
495 1122 568 1188 suis
590 1116 828 1214 digressiones
844 1118 1047 1184 immiscere
1062 1136 1137 1183 non
1155 1111 1322 1185 dubitant
1341 1138 1430 1213 poe-

410 1248 563 1315 ticarum
581 1264 651 1339 ope
669 1238 993 1325 machinationum,
1006 1261 1087 1335 quae
1100 1236 1198 1310 aliud
1214 1238 1303 1308 nihil
1318 1262 1430 1335 quam

407 1366 681 1439 delectationem
704 1372 862 1463 pariunt.
891 1361 1218 1435 Herodotusenim
1242 1376 1278 1434 et
1304 1386 1431 1432 omnes

407 1492 506 1563 illius
525 1491 678 1588 aequales
692 1490 761 1561 hac
775 1488 849 1559 fide
869 1502 970 1559 erant
986 1486 1129 1574 imbuti,
1140 1492 1191 1559 ita
1207 1501 1248 1558 ut
1261 1486 1432 1583 quaelibet

409 1615 575 1715 prodigia
593 1614 727 1686 referre
748 1636 889 1684 necesse
905 1628 1013 1705 esset,
1032 1628 1073 1684 ut
1089 1610 1173 1684 inde
1192 1638 1274 1709 quae
1294 1626 1432 1683 remota

409 1746 605 1838 antiquitas
622 1754 658 1812 et
671 1744 742 1837 ipsi
758 1738 959 1810 sentiebant
977 1743 1131 1837 posteris
1147 1736 1385 1809 traderentur.

457 1868 580 1955 Quare
593 1870 623 1935 si
634 1862 834 1963 perpendas
850 1889 932 1960 quse
943 1861 1051 1934 fuerit
1069 1862 1166 1961 apud
1180 1886 1307 1959 pmnes
1320 1864 1433 1933 natio·

410 2007 473 2060 nes
491 1986 537 2058 de
553 1987 689 2085 quibus
705 1986 913 2058 Herodotus
930 1986 1095 2083 loquitur
1112 1986 1242 2057 harum
1256 1991 1430 2084 supersti-

409 2117 550 2185 tionum
567 2118 631 2203 vis,
651 2118 831 2184 neminem
855 2106 966 2182 aliuni
988 2115 1164 2209 aptiorem
1191 2115 1347 2209 reperies
1367 2116 1432 2207 qui

410 2238 516 2310 nobis
531 2214 670 2310 errores
682 2243 813 2309 mentis
827 2237 992 2309 humanae
1004 2236 1138 2333 quibus
1150 2236 1259 2308 alitur
1278 2234 1433 2308 creduli·

300 2405 307 2412 =
412 2374 480 2447 tas,
493 2358 893 2456 referat,quamvisipse
906 2362 948 2429 iis
963 2362 1110 2429 minime
1120 2356 1231 2430 fuerit
1245 2373 1432 2457 exemptus

412 2489 562 2555 rationis
576 2484 749 2583 lapsibus,
765 2489 828 2580 qui
845 2498 969 2555 nostro
987 2482 1134 2580 quidem
1155 2498 1319 2582 tempore
1331 2486 1433 2553 mise·

412 2616 590 2682 rationem
608 2625 671 2681 aut
687 2615 797 2680 risum
810 2625 964 2680 movent.
978 2609 1162 2704 Ejusmodi
1179 2614 1274 2681 enim
1294 2616 1433 2682 somnia

414 2759 482 2833 pro
492 2735 631 2805 indiciis
645 2748 764 2804 sancte
777 2733 985 2805 reverendis
995 2733 1237 2822 habebantur,
1249 2761 1330 2832 quae
1341 2759 1434 2832 mag·

414 2866 470 2931 nis
487 2859 597 2930 rebus
620 2883 694 2930 non
712 2863 840 2956 saepius
861 2856 1028 2930 favebant
1047 2885 1159 2956 quam
1182 2859 1384 2931 obstabant.
1405 2863 1433 2929 E

413 2985 550 3082 quibus
570 3008 758 3082 nunquam
773 3010 815 3057 ea
834 3011 915 3080 quae
941 2984 1090 3056 auribus
1104 2998 1312 3082 acceperat,
1340 3006 1432 3082 prae-

416 3113 583 3182 termittit
598 3108 815 3180 Herodotus.
839 3115 895 3179 Sic
911 3108 1069 3181 Sabaeos
1091 3115 1233 3180 somnio
1256 3114 1434 3197 monitus,

416 3239 571 3332 AEgypto
594 3233 735 3323 relicta,
764 3232 983 3330 AEthiopiarn
1008 3239 1097 3330 petit
1118 3244 1145 3304 ².
1171 3235 1319 3304 Somnio
1347 3239 1434 3303 item

415 3364 604 3456 instigatus
628 3363 798 3456 Astyages
821 3363 956 3455 Cyrum
977 3372 1145 3455 nepotem
1164 3363 1394 3455 persequitur
1406 3351 1434 3445 3,

415 3487 480 3580 qui
512 3497 548 3553 et
579 3488 655 3581 ipse
681 3498 762 3581 post
788 3487 969 3554 somnium
1000 3480 1101 3578 quod
1126 3487 1332 3571 somniavit,
1362 3486 1434 3552 Da·

417 3608 513 3678 rium
536 3611 722 3704 Hystaspis
752 3604 872 3677 filium
904 3620 1003 3678 tanto
1029 3611 1065 3676 in
1095 3606 1181 3677 odio
1213 3605 1364 3696 habuit,
1394 3619 1435 3676 ut

452 3899 458 3928 ¹
478 3899 516 3951 Cf.
534 3898 567 3951 de
586 3899 707 3952 Herodoti
724 3899 833 3951 Historia
849 3899 880 3950 ad
898 3899 1022 3952 Carminis
1039 3899 1104 3964 epici
1116 3901 1228 3952 indotom
1244 3899 1347 3966 propius
1362 3913 1434 3952 acce-

418 3976 507 4040 dente,
527 3979 625 4030 Pmius.
642 3971 720 4042 prior.
742 3977 878 4040 Boettigeri
894 3990 991 4040 opusc,
1012 3993 1035 4041 p.
1053 3982 1108 4043 182,
1121 3986 1148 4031 et
1161 3982 1301 4043 pracsertim
1314 3979 1433 4032 Larcher.

418 4055 527 4108 Presace
546 4058 579 4109 do
589 4073 616 4110 sa
629 4059 696 4120 trad.
712 4058 873 4110 d'ttirodote.

440 4153 462 4182 '²
480 4155 550 4216 tien,
566 4167 597 4217 it,
613 4157 665 4204 1³9.
677 4180 707 4193 -
725 4155 734 4182 ³
754 4154 834 4215 ibid,
848 4165 868 4213 i,
883 4157 935 4217 tor,
953 4157 1005 4204 108.
