3484 5225
807 620 1024 696 fre-

421 754 574 828 cadaver
584 752 681 825 loeda
694 752 832 825 ultione
848 750 1030 825 laceranti.
1048 756 1105 824 Sic
1121 750 1236 850 gloria
1244 806 1255 843 ,
1272 754 1324 826 sic
1340 754 1442 850 igno·

421 878 531 950 minia
548 879 682 973 cuique
694 901 762 975 pro
780 881 909 947 merito
927 873 1168 947 distribuitur.

470 1006 523 1075 Ita
538 1001 709 1093 historia,
732 1005 789 1073 vix
805 1007 842 1072 in
859 1000 977 1074 lucem
1000 996 1186 1071 Herodoto
1211 1014 1313 1099 patre
1333 997 1441 1087 edita,

420 1129 458 1197 in
485 1150 627 1197 summo
645 1138 818 1223 tanquam
836 1122 1010 1205 tribunali
1026 1110 1173 1214 sedens,
1191 1122 1336 1224 populis
1348 1128 1442 1197 sicut

420 1255 569 1350 privatis
590 1248 802 1323 hominibus
820 1248 906 1346 jura
935 1273 1004 1348 pro
1028 1252 1156 1323 merito
1177 1246 1306 1321 reddit.
1328 1244 1440 1339 Quod

419 1378 448 1446 si
470 1377 656 1449 historiam
679 1372 858 1449 scribendi
886 1398 944 1447 ars
969 1372 1069 1455 adeo¹
1086 1373 1253 1473 praeclare
1275 1376 1439 1445 instituta

419 1504 533 1571 estiis
556 1499 802 1600 temporibus,
831 1502 1015 1598 ingenium
1039 1498 1242 1573 humanum
1259 1497 1305 1572 ad
1322 1491 1436 1571 altum

414 1624 490 1721 jam
507 1616 595 1695 tunc
611 1624 762 1696 culturae
778 1606 962 1723 fastigium
979 1629 1133 1697 crevisse
1146 1622 1351 1724 putandum
1369 1638 1435 1713 est,

417 1753 559 1846 eritque
597 1747 803 1852 Herodotus
840 1748 1143 1821 excellentissimis
1171 1754 1235 1821 aeri
1263 1754 1318 1821 sui
1353 1752 1436 1821 viris

416 1872 719 1946 adnumerandus.
742 1878 820 1945 Jam
838 1878 934 1945 enim
957 1872 1209 1973 philosophia,
1236 1888 1381 1946 centum
1399 1888 1435 1945 et

415 1996 517 2096 quod
539 1996 677 2069 excedit
702 1997 835 2070 abhinc
861 2003 982 2088 annis,
1003 1996 1215 2071 felicissimis
1240 2004 1275 2070 in
1298 2002 1433 2071 Graecia

415 2139 501 2197 nata
520 2136 600 2195 erat
627 2126 813 2222 auspiciis;
839 2123 913 2219 jam
942 2146 1043 2193 mens
1071 2122 1230 2196 hnmana
1256 2122 1431 2222 seipsam

414 2272 612 2345 rerumque
632 2261 798 2319 naturam
823 2272 1037 2346 pernoscere
1061 2246 1270 2321 conabatur.
1299 2250 1432 2335 Graeci,

413 2387 606 2469 antequam
625 2370 979 2471 philosophamur,
1001 2373 1074 2467 jam
1094 2377 1252 2472 priorem
1272 2370 1430 2470 discipli·
1474 2376 1485 2387 ’

411 2522 495 2570 nam
526 2495 572 2569 de
607 2495 780 2567 moribus
811 2495 993 2594 rebusque
1035 2495 1164 2569 divinis
1193 2496 1432 2597 acceperant,

412 2621 533 2694 edocti
560 2647 581 2695 a
606 2621 748 2694 ratibus
768 2627 834 2719 qui
860 2620 1015 2694 deorum
1041 2622 1180 2695 cultum
1212 2625 1430 2721 virtutisque

411 2760 591 2845 praecepta
612 2745 756 2844 hymnis
772 2744 1064 2850 carminibusque
1081 2763 1367 2847 propagaverant
1403 2757 1427 2818 ¹.

410 2872 501 2942 Nam
524 2872 709 2971 Orpheus,
738 2876 909 2962 Musaeus,
933 2873 1147 2972 Eumolpus,
1177 2878 1356 2946 Homerus
1377 2888 1427 2946 at-

380 3031 383 3036 ⁷
408 3020 483 3092 que
500 2996 698 3088 Hesiodus,
718 3003 996 3095 mysteriorum,
1017 3022 1138 3070 rerum
1155 3003 1427 3097 cosmogonica·

410 3145 511 3211 rum,
536 3146 705 3219 vagarum
729 3119 900 3220 quidem,
922 3121 958 3194 id
986 3120 1086 3218 quod
1106 3146 1214 3194 nemo
1237 3137 1367 3220 negat,
1392 3136 1428 3194 et

313 3212 317 3231 Ι
409 3245 556 3336 minime
579 3241 840 3343 perfectarum,
869 3241 1100 3342 Polytheismi
1127 3241 1256 3314 deinde
1285 3242 1426 3314 doctri-

406 3391 490 3445 nam
514 3373 762 3458 instituerant;
790 3393 949 3464 quorum
978 3373 1135 3466 vestigiis
1156 3384 1279 3468 postea
1307 3373 1424 3466 poetae

406 3490 508 3587 lyrici
532 3507 641 3588 atque
662 3496 754 3591 epici
782 3517 855 3564 non
883 3497 985 3591 pauci
1012 3494 1229 3562 institerunt.
1258 3497 1335 3564 lam
1358 3495 1424 3562 He·

407 3613 529 3688 rodoti
547 3631 709 3716 tempore
724 3621 842 3715 poesis
856 3615 954 3715 apud
972 3620 1115 3688 Graecos
1128 3621 1286 3715 primum
1302 3614 1421 3688 absol-

404 3756 504 3813 verat
521 3739 699 3843 studium3
718 3739 871 3841 proinde
894 3765 951 3812 ars
978 3739 1124 3838 regendi
1143 3741 1317 3842 populos,
1342 3765 1420 3814 erc·

405 3869 547 3939 tissimis
561 3891 646 3940 cum
664 3865 838 3964 religione
853 3865 1007 3937 vinculis
1024 3867 1235 3962 conjuncta,
1258 3867 1422 3965 amplum

400 4007 543 4090 ceperat
569 3967 1084 4087 incrementumaLycurguS,
1115 3989 1306 4081 Zaleucus,
1328 3988 1420 4061 Cha-

431 4194 439 4219 1
458 4183 521 4234 illst.
533 4183 565 4231 de
578 4183 600 4231 ta
614 4183 691 4244 enit,
704 4195 749 4245 par
759 4184 945 4242 Tenuetrnnrt,
960 4181 1025 4232 trad.
1042 4182 1074 4232 de
1091 4185 1125 4235 tt.
1138 4184 1250 4260 Consta,
1262 4187 1279 4233 t.
1295 4181 1392 4243 r,§·15.
