3484 5225
780 644 818 658 -
841 618 879 673 63
900 644 939 657 -
988 669 995 683 ,

347 744 516 817 homines
527 735 744 842 assequitur,
764 770 837 815 non
853 746 972 819 solum
986 743 1038 817 ob
1052 743 1170 817 scelus
1188 760 1369 844 perpetra·
1385 762 1390 771 “

347 884 440 957 tum,
454 866 692 967 sedpropter
710 868 864 941 nocendi
884 869 1115 941 voluntatem.
1138 872 1206 941 Cui
1222 875 1274 939 rei
1296 848 1368 943 tes·

347 998 499 1082 timonio
516 1006 569 1064 est
581 992 714 1084 §lauet
733 997 897 1092 Spartani
914 1018 1033 1091 poena,
1054 978 1279 1089 quem'dpaou
1297 996 1369 1075 πάϊς

347 1120 505 1211 ιὶιώιιιιιοςΙ
523 1114 575 1221 ad
594 1121 707 1215 ipsius
728 1121 919 1214 gentisque
944 1122 1063 1219 omnis
1089 1122 1368 1189 internecionem

336 1217 643 1346 perseculussss'est,
663 1241 763 1338 quod
783 1242 935 1339 perjurii
958 1246 1231 1333 crimenmente
1254 1239 1369 1327 admi-

346 1381 438 1436 serat
454 1343 607 1472 tautum,
621 1390 698 1468 rem
715 1365 918 1464 depositam
932 1352 1006 1437 non
1023 1364 1236 1437 restituendi
1250 1374 1260 1409 ¹
1278 1369 1368 1437 inito

346 1468 508 1563 consilio.
545 1468 548 1472 ¹
1204 1556 1208 1563 .

396 1620 436 1687 In
456 1614 685 1713 expeditione
704 1614 855 1706 demum
881 1618 1009 1685 Xerxis
1030 1612 1237 1705 referenda,
1257 1619 1368 1687 Hero·

337 1739 468 1828 dotus,
492 1767 560 1812 suo
585 1766 727 1840 semper
754 1747 943 1839 proposito
967 1744 1143 1827 insistens,
1172 1746 1303 1813 mirum
1331 1746 1367 1811 in

349 1865 513 1954 modurn,
530 1864 579 1935 ob
596 1890 718 1936 rerum
736 1863 1036 1963 magnitudinem,
1050 1867 1122 1933 vim
1139 1861 1196 1934 dei
1211 1863 1367 1935 ostendit

347 1990 556 2087 superbiam
574 1994 760 2061 Persarum
777 1993 869 2085 regis
890 1987 1193 2084 insolentiamque
1214 1991 1366 2059 contun-

346 2112 483 2203 dentis3
510 2120 617 2210 eique
642 2116 839 2202 narrationi
865 2118 1009 2210 egregie
1036 2128 1210 2183 contextee
1236 2112 1369 2183 horror

348 2244 451 2335 quasi
476 2238 663 2336 religiosus
694 2244 785 2308 inest
817 2248 893 2333 quo·
920 2236 1070 2333 legentis
1096 2243 1240 2309 animus
1262 2238 1365 2310 velie·

349 2381 489 2435 menter
514 2379 760 2462 permovetur.
786 2367 864 2434 Jarn
891 2386 977 2433 vero
1001 2360 1190 2433 considera
1218 2386 1291 2459 qua
1315 2388 1370 2433 so·

348 2488 451 2559 lertia
475 2492 631 2560 numinis
650 2487 815 2558 invidiosi
832 2493 901 2555 vim
921 2500 956 2557 et
975 2490 1196 2558 existentiam
1214 2512 1370 2559 comme·

349 2630 476 2702 moret,
502 2613 749 2703 Artabanum,
778 2616 907 2683 Xerxis
933 2625 1125 2710 patruum,
1153 2610 1268 2684 haecce
1295 2638 1368 2694 non

349 2741 426 2807 sine
447 2736 637 2834 prudentia
660 2735 840 2807 dicentem
860 2740 965 2806 initio
983 2734 1215 2807 introducens
1229 2747 1254 2805 ².
1273 2768 1289 2799 «ι
1302 2741 1370 2820 vt·

352 2860 449 2932 «des
472 2876 513 2933 ut
535 2857 756 2958 praegrandia
780 2860 948 2932 animalia
968 2858 1119 2931 fulmine
1144 2864 1240 2930 Deus
1272 2857 1366 2950 ferit,

352 3010 450 3057 «nec
483 2990 565 3056 sinit
592 2984 829 3074 insolescere,
866 3009 978 3082 parva
1011 3008 1097 3054 vcro
1126 2983 1216 3052 nihil
1249 2984 1369 3056 laedit?

351 3141 370 3178 u
387 3111 494 3183 Vides
511 3127 554 3182 ut
577 3135 703 3207 magna
734 3134 875 3208 semper
896 3107 1046 3180 aedificia
1072 3131 1290 3205 magnasque
1311 3133 1369 3180 ar-

352 3234 497 3306 «bores
527 3232 722 3304 fulminum
748 3233 817 3305 tela
843 3234 1074 3332 percutiunt?
1097 3231 1241 3303 Gaudet
1271 3239 1366 3304 enim

351 3363 482 3430 «Deus
518 3364 794 3442 eminentissima
825 3382 980 3454 quaeque
1015 3356 1240 3454 deprimere,
1267 3357 1365 3429 unde

352 3513 370 3551 α
393 3497 428 3553 et
450 3491 576 3580 iugens
602 3487 777 3553 exercitus
799 3482 847 3553 ab
868 3489 999 3580 exiguo
1025 3481 1251 3579 profligatur,
1278 3509 1371 3579 ‹puo-

352 3617 453 3681 «ties
473 3615 571 3681 Deus
594 3613 637 3680 iis
659 3609 794 3706 quibus
813 3609 972 3699 invidet,
996 3623 1061 3680 aut
1081 3624 1216 3680 metum
1241 3615 1368 3683 incutit

353 3765 370 3800 a
387 3749 450 3809 aut
472 3738 545 3804 vim
566 3739 780 3804 tonitruum.
805 3739 997 3831 Propterea
1016 3732 1183 3831 quidam,
1208 3757 1310 3804 secus
1328 3757 1368 3802 ac

382 3989 389 4017 ι
409 3981 480 4040 tter,
501 3991 541 4038 rr,
559 3982 599 4028 tt.
618 3976 657 4031 ci.
679 3979 782 4040 turen,
803 3979 866 4040 Sat,
886 3990 950 4041 xrn,
969 3981 1025 4029 202.

382 4077 392 4104 ²
410 4079 480 4137 fler..
499 4087 550 4135 ιιι,
564 4078 603 4125 10,
621 4074 659 4126 ct.
675 4078 745 4138 Hor,
758 4077 853 4137 Carni,
866 4089 899 4136 ιι,
913 4080 956 4136 ιο,
968 4077 992 4124 9.
1019 4074 1101 4125 AEsch.
1122 4075 1200 4136 Pers,
1221 4079 1275 4125 829.
1302 4073 1369 4128 tien.

350 4155 441 4216 Anuli,
459 4167 536 4216 v1,t,
550 4157 588 4204 tt).
