3484 5225
743 662 783 672 -·
804 634 839 685 lii
867 662 902 671 -

313 775 390 830 rent
414 761 659 855 classibusque
681 765 790 832 maria
807 761 1082 847 absconderent,
1105 788 1245 859 parram
1268 764 1328 835 sed

313 886 539 955 fortissimam
554 901 694 983 gentem
721 902 819 956 tauto
841 912 923 956 cuni
943 901 1152 983 contemptu
1173 902 1247 956 orat
1272 912 1330 983 ag·

311 1034 462 1103 gressus,
486 1015 654 1105 turpiter,
676 1024 755 1106 post
779 1014 960 1107 ingentem
985 1035 1135 1079 suorum
1163 1009 1326 1098 cladem,

310 1131 356 1199 de.
374 1129 466 1200 fastu
482 1156 548 1199 suo
566 1128 740 1224 dejectus,
760 1130 972 1200 succubuit.'
986 1136 1108 1221 Quum
1128 1147 1328 1227 postrenm,

314 1254 440 1325 ultima
477 1255 682 1325 mortalium
720 1279 862 1352 passus,
898 1255 1167 1351 Hellespontum
1205 1262 1329 1351 exigna

312 1404 398 1448 nave
414 1380 604 1471 trajiciens,
622 1384 656 1447 in
676 1404 828 1473 reguum
847 1403 968 1463 suum,
986 1404 1070 1448 curn
1090 1378 1256 1475 pharetra
1275 1405 1329 1451 va·

312 1526 400 1585 cua,
437 1515 475 1571 nt
508 1508 556 1571 ait
586 1502 791 1597 AEsrbylus,
821 1480 1037 1588 elaberetur,
1074 1502 1329 1573 Themistocles

311 1624 407 1722 apud
433 1628 576 1694 Graecos
601 1630 835 1696 concionatus
856 1625 931 1697 haec
953 1624 1085 1697 ellatur
1109 1652 1220 1721 quam
1246 1652 1328 1699 vere

311 1749 495 1847 epilogum
519 1748 690 1820 dramatis
714 1750 874 1848 appelles
891 1760 925 1818 ¹:
950 1780 965 1813 u
979 1755 1036 1820 ilii
1058 1756 1190 1848 pariter
1204 1767 1239 1819 et
1258 1758 1327 1821 He·

312 1903 331 1941 u
347 1898 427 1943 roes
445 1874 646 1943 inviderant
669 1900 781 1945 unum
798 1880 916 1977 virum
942 1880 1192 1972 impiissinunn
1221 1890 1330 1981 atque

309 2029 331 2073 «α
347 1998 550 2085 scelestum,
569 1999 673 2094 cujus
694 1998 879 2094 sacrilegio
903 2022 998 2070 sacra
1019 2013 1054 2068 et
1076 1997 1225 2095 prolana
1242 2023 1327 2069 con·

314 2152 331 2185 α
346 2122 436 2205 fusa,
461 2122 592 2220 templa
611 2121 721 2193 deum
744 2127 905 2207 incensa,
923 2147 1021 2192 mare
1043 2122 1270 2193 verberatum
1294 2138 1331 2192 et

314 2278 332 2311 α
346 2251 508 2319 vinctum
527 2247 782 2345 compedibus,
803 2247 1008 2317 inviderunt
1026 2252 1132 2317 istum
1169 2251 1329 2342 Asia-pte

311 2372 572 2469 «Europaeque
598 2370 670 2442 frui
696 2375 850 2470 imperio
870 2384 896 2441 ².
915 2404 931 2436 n
952 2376 1008 2443 Sic
1035 2396 1143 2443 marm
1170 2388 1327 2443 extrema

290 2494 516 2566 tter-dotus
538 2497 635 2567 bunc
659 2501 724 2566 Dei
748 2501 783 2566 in
804 2497 994 2567 hominnm
1015 2497 1122 2567 rebus
1147 2502 1326 2567 interven·

309 2636 386 2690 tum
401 2618 551 2692 feliciter
562 2621 737 2719 depingit,
753 2622 814 2692 sed
831 2636 967 2693 mutata
981 2628 1153 2693 oratione.
1169 2622 1327 2692 Themis·

309 2743 418 2823 tocies
435 2751 530 2814 enirn
548 2770 621 2814 non
641 2744 686 2814 de
705 2771 779 2815 uno
800 2749 877 2816 Deo
900 2745 1090 2831 invidioso,
1109 2744 1170 2815 sed
1187 2746 1232 2815 de
1251 2771 1327 2815 om-

308 2867 415 2940 nibus
437 2867 505 2938 diis
528 2883 563 2939 et
586 2866 759 2939 heroibus
789 2869 964 2964 loquitur,
988 2895 1083 2966 qnos
1108 2871 1174 2940 bac
1195 2869 1327 2940 invidia

307 3016 475 3063 accensos
490 2991 671 3090 perhibet,
692 3018 772 3088 qua>
790 2997 826 3063 in
846 3019 990 3064 omnem
1013 3001 1210 3090 potentiam
1226 2996 1326 3091 justo

309 3118 478 3213 majorem
497 3133 532 3188 et
546 3123 707 3213 iniquam
726 3116 882 3187 desaevit.
905 3116 953 3187 Ad
973 3133 1089 3188 totum
1109 3116 1243 3189 scilicet
1264 3142 1324 3215 po·

307 3242 433 3339 pulum
453 3242 560 3313 verba
575 3240 657 3312 facit
674 3240 834 3337 ejusdem
852 3241 1015 3337 religioni
1037 3242 1321 3315 accommodata.

306 3367 512 3437 Herodotus
526 3382 662 3454 antem,
677 3373 706 3436 si
726 3371 820 3436 viros
837 3367 1050 3438 excultiores
1065 3367 1261 3437 introducit
1276 3368 1325 3438 lo-

262 3520 266 3528 ·
305 3506 476 3586 quentes,
500 3507 562 3562 aut
578 3517 679 3561 suam
702 3496 814 3587 ipsius
837 3490 1076 3588 proponendo
1093 3496 1322 3588 opinionem,

305 3619 421 3684 Deum
440 3622 599 3703 unicum,
611 3620 647 3684 τὸ
660 3619 734 3685 θεῖον
749 3619 898 3709 φθονερόν,
928 3620 1156 3711 interponere
1171 3613 1272 3685 solet.

353 3745 401 3810 Ea
432 3744 563 3809 iterum
587 3738 645 3809 dei
672 3738 836 3809 invidiosi
863 3744 963 3808 notio
991 3743 1137 3808 minime
1168 3718 1321 3835 perfecta

302 3866 466 3962 exemplo
488 3881 552 3951 est,
576 3880 754 3960 qnantum
781 3880 914 3933 veteres
937 3863 983 3933 ab
1003 3867 1187 3933 existentia
1213 3867 1320 3931 unius

334 4084 340 4107 ¹
361 4074 462 4133 muta,
481 4075 547 4123 l‘rnl.
560 4075 624 4133 all..,
643 4089 666 4135 p.
680 4079 734 4123 tot.
754 4076 837 4124 ,mete
855 4078 934 4133 rurs,
951 4077 1017 4120 toto.

338 4162 346 4188 ²
368 4164 436 4221 tlon,
454 4174 516 4219 rut,
539 4166 590 4209 toa.
