3484 5225
829 636 996 701 ημ-

409 791 516 847 tatem
546 771 789 871 opponendo,
823 788 1065 869 naturamque
1106 770 1301 843 humanam
1335 770 1426 844 dili—

408 900 507 997 genti
528 915 615 979 cura
640 894 882 995 inspiciendo,
908 916 1003 968 nova
1033 914 1199 985 morum,
1224 894 1420 995 religionis,

409 1022 720 1124 philosophiaeque
745 1019 978 1092 fundamenta
1011 1020 1131 1116 jacere
1171 1022 1292 1118 coepit.
1322 1016 1426 1091 Adde

402 1145 512 1243 ¹quod
536 1145 604 1217 hac
617 1158 737 1239 aetate·
752 1158 935 1215 certarnen
957 1143 1097 1215 illustre
1118 1168 1202 1213 curn
1223 1146 1337 1213 Persis
1360 1147 1427 1213 ini-

409 1288 501 1362 tum,
517 1271 574 1344 vel
595 1295 749 1371 praesens
767 1293 891 1341 rerum
913 1284 1039 1359 status,
1054 1274 1264 1341 Graecorum
1282 1272 1426 1367 ingenio

399 1396 593 1494 quandam
605 1395 651 1467 ad
670 1397 793 1467 omnia
810 1416 940 1491 magua
956 1392 1167 1491 assurgendi
1182 1396 1426 1464 necessitatem

408 1524 670 1619 imposuit.‘lta
693 1525 788 1589 enim
810 1518 1020 1590 factumest
1042 1532 1105 1606 ut,
1131 1521 1281 1588 numine
1303 1515 1427 1587 divino

408 1651 513 1743 qnasi
525 1650 692 1743 agitante,
704 1649 836 1715 artium
854 1666 896 1713 ac
916 1666 1065 1737 poeseos
1081 1640 1285 1713 drarnaticae
1302 1639 1430 1711 felicis·

408 1775 498 1840 sime
509 1768 656 1840 excultae
669 1782 915 1855 monumenta,
929 1790 1043 1837 aevum
1058 1764 1148 1838 illud
1160 1766 1378 1837 illustratura
1391 1770 1428 1835 in

409 1908 603 1980 aeternum,
623 1892 881 1987 relinquerent.
898 1896 976 1961 Jarn
989 1888 1177 1985 AEschylus
1193 1894 1315 1960 Persas
1334 1910 1430 1959 eorn-

410 2016 583 2116 pouehat3
595 2015 669 2110 Jam
692 2014 894 2086 Herodotus
908 2014 1047 2086 bellum
1065 2004 1247 2085 medicum
1268 2011 1431 2083 multitu-

410 2139 486 2211 dini
508 2138 670 2212 audienti
693 2139 885 2211 enarrabat
907 2156 967 2211 :et
991 2136 1090 2237 apud
1116 2153 1314 2235 utrumque
1337 2158 1431 2209 eam-

409 2266 493 2337 dem
510 2266 713 2337 doctrinam
731 2264 776 2335 de
792 2269 941 2335 numine
962 2278 1001 2366 get
1018 2263 1063 2335 de
1082 2279 1177 2336 sorte
1192 2265 1351 2336 humana
1368 2290 1431 2336 re.-

410 2394 601 2488 periemus.
613 2388 749 2458 Multos
765 2388 852 2458 alios
865 2403 1040 2486 praetereo
1053 2413 1120 2460 nec
1136 2393 1255 2461 minus
1269 2395 1428 2460 eximios.

409 2518 466 2585 Sic
494 2517 605 2609 igitur
630 2516 767 2583 creua
788 2536 1005 2608 magnorum
1030 2528 1240 2613 poetarum,
1268 2514 1429 2614 philoso-

412 2639 591 2738 phorum,
617 2638 798 2736 artificum
817 2637 1034 2734 feracissima
1051 2643 1200 2729 exstitit,
1225 2663 1292 2710 nec
1315 2665 1432 2737 segre·

411 2761 551 2861 gandus
576 2767 644 2834 erit
670 2762 876 2834 Herodotus
904 2763 950 2835 ab
973 2789 1045 2835 suae
1070 2767 1182 2836 aetatis
1211 2771 1296 2836 viris
1313 2770 1376 2862 qui
1395 2772 1430 2836 in

412 2886 558 2976 eadem,
594 2911 668 2983 qua
696 2891 794 2996 ipse3
822 2891 966 2986 ingenii
991 2889 1176 2962 excolendi
1203 2891 1364 2989 palaestra
1395 2916 1432 2962 se

412 3010 639 3083 exercebant.

461 3131 529 3206 Sed
549 3132 697 3204 historia
715 3149 792 3204 turn
806 3129 958 3230 quidem
973 3134 1091 3232 longe,
1111 3134 1148 3207 id
1164 3134 1266 3233 quod
1280 3141 1433 3208 miratur

413 3258 589 3332 Miillerus
603 3267 632 3346 ¹,
646 3257 784 3347 aberat,
800 3271 841 3328 ut
853 3265 966 3354 aequis
979 3283 1062 3330 cum
1078 3265 1177 3358 poesi
1190 3261 1433 3360 philosophia-

413 3408 486 3480 que
513 3379 677 3482 passibus
696 3379 896 3471 incederet3
914 3407 981 3454 nec
999 3383 1202 3456 Herodotus
1217 3385 1365 3474 habuit,
1391 3399 1433 3455 ut

411 3531 499 3594 ¹vere
519 3505 702 3595 dicamus,
726 3531 835 3602 quem
861 3510 899 3576 iu
924 3532 991 3578 suo
1014 3509 1182 3580 narrandi
1206 3533 1341 3606 genere
1356 3513 1434 3579 imi·
1471 3581 1474 3588 ,

414 3645 572 3719 taretur3
602 3650 687 3702 nam
707 3628 1020 3734 logographorum
1051 3637 1181 3732 scripta
1211 3659 1340 3731 par-um
1364 3637 1432 3730 ipsi

414 3754 538 3857 auxilii
554 3753 773 3846 offerebant3
790 3769 827 3827 et
849 3760 917 3827 viri
940 3756 1038 3829 docti
1063 3761 1099 3828 in
1127 3757 1281 3830 dubium
1305 3771 1432 3828 vocant

413 3906 500 3953 usus
514 3907 582 3954 nec
597 3906 643 3954 ne
656 3879 766 3953 fuant
781 3884 823 3952 iis
840 3907 922 3979 quae
939 3882 1104 3956 Xanthus
1125 3881 1172 3955 de
1187 3882 1299 3980 Lydia
1317 3884 1432 3976 scrip·

445 4203 453 4229 ¹
470 4194 500 4242 0
516 4189 619 4252 Miller,
631 4189 781 4242 Geschichte
792 4189 838 4241 der
847 4189 1023 4254 griechischen
1034 4189 1173 4254 Literatur,
1194 4194 1214 4254 t,
1230 4161 1284 4241 tta}
