3484 5225
752 614 913 669 ..fl-

321 752 447 849 quitus
474 743 587 830 datis,
605 766 750 828 manere
773 742 823 813 ibi
852 741 901 813 ob
922 740 1187 848 Pythiampnon
1203 742 1343 816 consul·

323 889 416 961 tarn,
444 895 517 941 non
540 873 659 967 potuit
677 877 711 956 ¹3
742 892 899 963 cumque
928 868 1017 937 nihil
1058 868 1165 939 vellet
1193 874 1343 968 proprio

322 1013 423 1069 motu
443 994 579 1085 iacere,
595 998 713 1066 Deum
731 991 841 1080 adiit,
863 996 983 1087 quint
1002 992 1157 1067 Siciliam
1173 997 1241 1063 iret
1257 1018 1340 1066 euru

322 1136 375 1194 est
411 1121 598 1208 hortatus,
625 1132 758 1188 terram
791 1115 987 1187 Heraclidis
1016 1115 1247 1209 destinatam
1279 1118 1342 1190 sed

325 1250 464 1343 omissis
480 1250 524 1316 iis
537 1270 619 1341 quae
639 1241 757 1314 lacere
770 1243 890 1337 jussus
910 1239 1038 1330 luerat,
1054 1242 1106 1315 liti
1125 1267 1207 1339 quae
1226 1244 1340 1343 Syba-

324 1376 409 1442 ritas
421 1374 514 1442 inter
527 1384 563 1440 et
574 1373 801 1440 Crotoniatas
813 1366 1058 1439 intercedebat
1073 1392 1110 1439 se
1126 1372 1343 1461 immiscens,

324 1498 443 1593 periit,
463 1493 564 1591 quod
579 1492 719 1565 oraculi
736 1493 875 1587 jussum
891 1507 1170 1591 contempserat.
1182 1494 1344 1568 Lacedae·

324 1621 437 1690 mouii
458 1617 596 1689 bellum
613 1613 812 1699 Arcadibus
831 1617 967 1689 illaturi
986 1618 1155 1715 Pythiam
1171 1617 1218 1689 de
1235 1624 1342 1692 Area·

324 1740 382 1821 dia
410 1741 648 1841 expugnanda
673 1745 949 1816 cousuluerunt.
968 1740 1167 1840 Respondit
1192 1743 1343 1843 Pythia:

324 1898 341 1938 r
358 1866 545 1940 Arcadiam
559 1874 675 1967 petis:
695 1870 858 1941 inultum
868 1874 969 1967 petis.
989 1866 1093 1940 Hand
1114 1868 1179 1938 tibi
1193 1868 1342 1941 tradam.

324 2021 341 2056 α
360 1991 465 2062 Multi
483 1998 519 2062 in
537 1992 692 2065 Arcadia
707 1999 774 2063 viri
787 2007 895 2079 sunt,
917 1989 1045 2089 glande
1062 2006 1263 2079 vescentes,
1277 1999 1343 2089 qni

324 2131 395 2187 «ate
420 2117 594 2212 rejicient.
613 2098 687 2190 Nec
702 2142 791 2189 vero
818 2141 967 2216 prorsus
982 2115 1131 2189 invideo
1149 2114 1213 2188 tibi
1237 2123 1341 2214 quic·

327 2272 345 2305 a
363 2264 488 2337 qnam;
516 2246 672 2339 Tegeam
686 2239 784 2313 dabo
798 2239 1017 2329 saltandam,
1042 2254 1157 2337 utque
1173 2264 1341 2339 campum

328 2388 475 2459 «queas
498 2371 613 2438 metiri
631 2364 719 2437 lune
744 2364 898 2436 feracem
917 2376 945 2435 ².
963 2394 980 2431 r
997 2364 1066 2436 Sed
1083 2369 1200 2463 Tegea
1221 2369 1346 2463 primis

325 2494 583 2587 Spartanorum
616 2488 861 2561 invasionibus
891 2495 1040 2579 restitit,
1081 2489 1346 2585 oraculnmque

326 2615 448 2693 denuo
462 2623 721 2716 interrogatum
735 2617 922 2717 respondit
941 2641 1017 2688 ossa
1031 2620 1167 2688 Orestis
1180 2621 1344 2716 Spartam

326 2766 404 2818 esse
428 2740 695 2831 transferenda,
722 2742 884 2814 indicans
911 2745 1051 2814 ratione
1066 2721 1203 2842 -parnnr
1237 2750 1347 2816 inani·

326 2862 413 2938 festa
430 2892 507 2962 quo
526 2872 563 2938 in
583 2866 665 2938 loeo
690 2865 750 2938 illa
770 2872 1015 2965 reperirentur
1029 2863 1056 2936 3.
1075 2867 1163 2938 Inde
1189 2873 1347 2940 narratio

327 2991 372 3062 de
395 2992 505 3066 Liche
525 3008 605 3072 orta
631 3007 684 3063 est
709 2992 809 3092 apud
839 2991 1090 3081 Herodotum,
1118 2997 1182 3088 qui
1209 2993 1345 3064 nnllam

327 3115 373 3187 de
399 3141 439 3187 ea
457 3142 495 3187 re
515 3116 778 3188 dubitationem
794 3116 961 3188 ostendit.
986 3115 1142 3214 Aliquod
1160 3131 1241 3218 post
1255 3132 1346 3188 tern-

327 3267 398 3340 pus
412 3242 539 3338 Pythia
555 3240 684 3314 eadem
701 3241 991 3314 Lacedaemonios
1010 3242 1115 3336 jussit
1132 3242 1286 3330 Athenas
1300 3241 1346 3314 ab

326 3369 455 3465 Hippia
482 3368 635 3464 tyranno
658 3366 832 3454 liberare;
848 3373 925 3466 ipsa
953 3391 1102 3466 quoque
1128 3375 1162 3438 in
1184 3369 1346 3466 jurgium

328 3493 556 3562 lkrnaratnm
571 3497 665 3563 inter
673 3507 709 3562 et
720 3491 953 3563 Cleomenem
969 3489 1229 3581 intercedente,
1241 3492 1346 3563 Cleo·

330 3620 442 3687 menis
458 3640 601 3688 causam
620 3622 694 3714 agit
711 3615 739 3686 ⁴.
759 3623 863 3688 Teste
881 3622 965 3688 item
985 3615 1190 3707 Herodoto,
1214 3623 1348 3690 seimus

358 3881 366 3909 ¹
384 3873 456 3933 tter..
472 3885 502 3932 v,
516 3875 600 3926 trit.

360 3969 370 3998 ²
388 3973 459 4033 lien,
477 3984 497 4031 t,
510 3975 551 4024 tr.

360 4066 553 4131 'ner.‚1,e⁷‚
573 4073 613 4120 es.
682 4133 690 4143 ·

362 4166 369 4192 ⁸
387 4165 460 4224 iter,
476 4177 503 4226 v,
522 4167 563 4227 55,
575 4170 619 4224 90;
634 4177 674 4224 rt,
687 4171 727 4216 ts.
801 4170 804 4175 '
