3484 5225
817 604 975 659 ,60-

363 741 610 833 septuaginta
635 758 759 821 annos,
786 734 1175 831 nnmero'vigintisex
1202 732 1312 803 millia
1337 733 1420 805 du·.

386 866 481 933 centi
511 863 792 957 quinquaginta,
819 856 942 931 nullus
967 883 1113 956 prorsus
1141 858 1287 957 qualem
1317 859 1407 933 alius

386 1011 462 1057 rem
486 983 601 1057 affert.
621 988 677 1056 Ita
697 989 818 1081 igitur,
837 987 980 1072 Croeso,
1002 988 1153 1053 omnino
1178 983 1407 1055 calamitosus

350 1150 352 1156 ·
385 1124 437 1180 est
453 1110 575 1180 homo
599 1112 768 1179 Ceterum
786 1122 825 1192 tu
841 1105 991 1207 quidem
1010 1107 1100 1177 mihi
1116 1106 1245 1177 videris
1264 1122 1300 1177 et
1318 1108 1406 1179 divi·

386 1237 444 1304 tiis
464 1232 568 1307 valde
591 1231 750 1331 pollere,
776 1250 811 1301 et
836 1230 1101 1329 permultorum
1127 1229 1318 1303 hominum
1345 1256 1407 1303 rex

385 1382 476 1430 esse..
491 1354 561 1428 Sed
576 1355 611 1427 id
628 1355 765 1452 dequo
780 1380 837 1429 me
851 1359 1081 1455 interrogasti
1099 1354 1262 1426 nondum
1281 1371 1315 1427 te
1332 1380 1406 1455 esse

384 1482 525 1569 dixero,
542 1466 756 1580 priusquam
777 1497 810 1552 te
825 1482 917 1552 bene
935 1484 1006 1553 vita
1021 1460 1234 1554 defunctum
1248 1506 1327 1564 esse
1345 1507 1406 1555 an·

386 1607 501 1679 diero.
517 1610 643 1703 Neque
660 1612 756 1678 enim
775 1606 888 1677 homo
907 1606 962 1676 vel
981 1606 1277 1705 opulentissimus
1292 1606 1406 1679 fortu-

386 1738 505 1804 natior
519 1748 572 1803 est
590 1756 647 1819 eo,
667 1736 725 1803 cui
742 1734 852 1802 unius
872 1729 943 1801 diei
960 1756 1016 1801 res
1035 1738 1207 1830 suppetit,
1224 1736 1253 1801 si
1269 1757 1332 1829 per
1353 1730 1370 1801 f
1388 1773 1406 1789 -

387 1872 464 1929 turn
489 1862 522 1928 ei
543 1881 617 1928 non
639 1856 723 1928 licet
752 1862 859 1927 vitam
884 1854 990 1927 finire
1017 1853 1249 1929 feliciter......
1280 1860 1405 1927 Omnis

385 1996 506 2055 autem
525 1984 575 2051 rei
590 1996 734 2078 oportet
749 1986 925 2078 inspicere
940 1985 1075 2051 exitum
1090 2006 1165 2077 quo
1180 1986 1226 2051 sit
1239 2006 1404 2053 evasura:

386 2106 561 2199 quoniam
574 2102 708 2174 multos
720 2109 817 2175 Deus
831 2104 968 2202 quibus
980 2104 1143 2197 fortunas
1156 2104 1406 2204 suppeditave-

386 2242 441 2299 rat
457 2226 627 2300 radicitus
639 2234 801 2300 evertit¹.
817 2212 1108 2327 Reprehenditur
1129 2235 1405 2327 praepotentium

387 2358 523 2424 vanitas
541 2351 608 2424 hac
622 2358 845 2443 narratione,
859 2358 903 2423 iis
923 2352 1192 2426 adnumeranda
1211 2380 1291 2452 quae
1311 2380 1405 2427 seve·

386 2479 474 2547 riori
498 2474 638 2573 judicio
656 2490 857 2574 repugnant
875 2491 909 2547 et
927 2475 1061 2572 quibus
1079 2476 1189 2547 hodie
1205 2480 1271 2546 viri
1293 2481 1405 2549 critici

385 2604 545 2672 suumin
563 2599 714 2672 historia
730 2600 850 2672 locum
864 2615 996 2698 negant
1013 2602 1199 2698 impertiri.
1222 2598 1331 2691 Quod
1346 2604 1406 2700 igi·

387 2739 447 2796 tur
460 2723 687 2821 colloquium
701 2749 764 2795 seu
777 2724 917 2815 fictum,
928 2749 990 2796 seu
1003 2723 1108 2796 valde
1126 2725 1402 2824 amplificatum,
1458 2787 1466 2805 ,

386 2849 537 2921 solerter
545 2846 618 2944 jam
634 2849 680 2920 ab
696 2852 798 2920 initio
815 2837 937 2948 operis
955 2855 1186 2950 proponitur,
1205 2867 1246 2922 ut
1262 2851 1404 2924 lectoris

387 2981 550 3046 animum
573 2972 619 3045 ad
643 2964 820 3072 praecepta
843 2999 924 3070 quae
944 2988 1141 3070 sequentur
1161 2989 1350 3072 praeparet,
1370 2989 1406 3046 et

385 3116 426 3173 ut
443 3107 492 3173 ait
511 3105 748 3199 Boettigerus,
763 3114 806 3171 ut
822 3098 922 3196 quod
942 3098 1144 3172 dramaticae
1158 3105 1242 3170 artis
1257 3103 1405 3198 scripto·

385 3252 441 3299 res
459 3224 641 3326 appellant
663 3230 837 3321 παρασκευὴ
857 3223 958 3294 lieret
973 3221 1115 3312 fabulae,
1135 3227 1292 3294 numinis
1310 3225 1405 3296 illius

388 3351 499 3423 invidi
526 3364 562 3423 et
587 3351 787 3423 turbulenti
814 3377 885 3450 ope
911 3365 947 3420 et
985 3356 1187 3420 interventu
1214 3374 1331 3446 usque
1358 3346 1403 3421 ad

386 3477 520 3547 calcem
542 3483 662 3574 operis
680 3476 935 3549 continuandae
953 3487 979 3564 ²,

437 3599 591 3670 Vixdum
610 3601 719 3671 Solon
735 3599 883 3698 Lydiam
901 3599 1099 3698 reliquerat
1125 3615 1160 3672 et
1185 3599 1277 3670 ἕλαὸε
1290 3604 1324 3670 ἐκ
1339 3602 1404 3668 θεοῦ

386 3732 505 3823 νέμεσις
530 3728 648 3834 μεγάλῃ
674 3736 799 3822 Κροῖσον
819 3720 846 3797 3.
864 3731 1009 3798 Croesus
1030 3730 1187 3824 primum
1215 3728 1319 3823 Atyis.
1338 3722 1405 3798 filii

416 3913 424 3940 ¹
443 3901 481 3954 ct.
494 3904 596 3967 Fragm.
609 3903 708 3954 solonis
718 3902 745 3952 in
756 3902 881 3968 gnomicis
898 3903 1029 3966 Branchi,
1048 3917 1073 3966 n.
1090 3906 1130 3964 rt,
1140 3905 1179 3963 2⁸,
1192 3905 1232 3962 11,
1245 3903 1267 3950 5.
1279 3899 1317 3951 Gt.
1329 3900 1403 3951 Gom.

389 3983 499 4047 Abbius.
513 3981 618 4034 nissen.
636 3983 668 4034 de
679 3982 779 4034 Solone.
791 3983 861 4046 Traj.
871 3979 905 4032 ad
917 3982 1011 4044 Ithen,
1024 3985 1093 4032 1815.
1104 3979 1140 4032 Gt.
1152 3981 1228 4046 soph.
1244 3979 1334 4032 Tracti.
1346 3993 1369 4028 v.
1381 3981 1403 4028 1.

418 4071 548 4138 ²Bottig.,
568 4073 635 4125 Prot.
654 4073 733 4136 alter,
745 4086 771 4136 p.
789 4076 843 4123 198.
987 4113 997 4122 .

419 4161 429 4191 ³
447 4164 519 4224 tter„
540 4174 562 4225 1,
573 4166 612 4214 at.
626 4162 664 4214 Cf.
681 4166 766 4224 nom,
779 4161 879 4227 Odyss,
897 4172 980 4224 xvnr,
1000 4163 1054 4224 1³0,
1075 4165 1141 4238 15⁸1.⁶
