3484 5225
824 600 983 657 ..42-

395 729 500 821 ralis,
518 730 681 803 nondum
708 735 745 802 in
773 736 925 804 scientiae
946 756 1079 831 corpus
1105 732 1311 821 redactum,
1337 732 1413 805 sola

394 858 621 928 conscientie
642 880 728 928 voce
759 860 1072 956 circumscriptum
1098 870 1201 929 erat:
1232 880 1343 955 qnam
1375 861 1412 929 in

394 978 580 1052 Herodoto
595 979 753 1079 ¹quidem
776 979 885 1053 fnisse
899 972 1130 1053 clarissimam
1145 986 1226 1080 quis
1243 980 1414 1081 negabit?

437 1108 609 1177 Gentium
618 1107 711 1202 juris
720 1112 823 1178 notio
834 1104 1175 1180 manifestiusetiam
1187 1106 1305 1181 elucet
1325 1133 1346 1177 e
1362 1083 1412 1179 re·

394 1231 717 1332 sponsoapopulis
731 1230 896 1335 barbaris
914 1231 1148 1305 ultralstrum
1169 1232 1411 1305 incolentibus

394 1356 1415 1457 datoscytbisquiauxilinmipsorumcontraDariiincur·

394 1487 512 1556 siones
528 1482 785 1583 implorabant.
806 1482 918 1574 Quod
938 1508 1151 1583 responsum
1167 1507 1251 1555 vere
1263 1482 1413 1582 dignum

393 1624 448 1681 est
468 1623 509 1680 ut
535 1608 732 1698 referatur3
758 1623 939 1707 praccepta
956 1614 1051 1679 enim
1073 1608 1120 1680 ab
1137 1613 1300 1685 omnium
1319 1622 1416 1679 tem-

394 1760 527 1835 porum
545 1738 766 1834 experientia
788 1733 1001 1806 confirmata
1020 1736 1190 1805 continet.
1213 1739 1261 1805 Ea
1281 1733 1414 1809 scilicet

394 1860 629 1960 Agathyrsus,
648 1874 687 1930 et
699 1860 853 1947 Neurus,
873 1874 908 1930 et
930 1858 1209 1958 Androphagus,
1226 1873 1263 1931 et
1281 1863 1416 1931 Tauro·

395 2008 476 2054 rum
495 1981 914 2078 Melancblaenorumque
932 2006 1035 2079 reges
1060 1981 1201 2081 Scythis
1224 1980 1418 2081 responde·

395 2116 533 2181 runt¹:
561 2137 579 2173 r
593 2111 628 2177 si
646 2078 708 2178 vos
727 2110 763 2177 in
788 2109 921 2204 injuria
950 2106 1109 2179 facienda
1136 2132 1177 2178 ac
1205 2105 1303 2178 bello
1325 2104 1415 2189 infe·

395 2232 510 2307 reudo
525 2236 664 2331 priores
671 2257 744 2304 non
757 2229 927 2322 fuissetis,
945 2248 1040 2303 recte
1053 2229 1267 2303 videremini
1279 2234 1417 2331 precari

395 2383 476 2457 quac
497 2360 711 2457 precamini:
730 2371 767 2428 et
785 2382 852 2428 nos
868 2336 993 2428 vestris
1013 2355 1181 2456 precibus
1200 2382 1338 2428 morem
1363 2380 1417 2451 ge-

396 2497 527 2570 rentes,
534 2479 632 2552 idem
639 2480 742 2580 quod
752 2506 813 2553 vos
824 2506 1031 2579 ageremus:
1047 2506 1144 2577 nunc
1154 2504 1216 2553 vos
1227 2479 1417 2553 sinenobis

396 2604 543 2679 illorum
566 2622 699 2681 terram
716 2610 886 2706 ingressi,
904 2610 1136 2706 imperitastis
1151 2608 1280 2695 Persis,
1294 2604 1417 2705 quoad

396 2737 495 2803 Deus
508 2731 609 2803 vobis
621 2731 771 2804 indulsit
785 2760 792 2803 ε
808 2731 860 2803 ἰΙΙί
877 2709 1018 2822 itidem,
1034 2729 1334 2830 quandoquidem
1356 2755 1419 2804 eos

397 2853 493 2926 idem
508 2860 607 2927 Deus
623 2855 659 2928 in
681 2881 745 2928 ros
763 2858 906 2948 excitat,
926 2862 1040 2929 vicem
1060 2856 1164 2930 vobis
1186 2854 1355 2928 reddunt.
1377 2860 1418 2928 At

397 3005 464 3051 nos
490 3004 608 3079 neque
634 2995 720 3053 tunc
750 2986 947 3080 quicquam
977 2981 1166 3054 intulimus
1194 2983 1335 3077 injuriae
1363 2980 1419 3052 his

399 3109 497 3192 viris,
525 3129 645 3205 neque
675 3131 772 3178 nunc
799 3110 999 3205 quicquam
1033 3104 1249 3184 conabimur
1278 3109 1419 3206 priores

398 3226 541 3300 inferre.
555 3226 664 3320 Quod
683 3233 712 3299 si
726 3228 786 3301 bic
803 3244 965 3301 nostram
981 3233 1165 3326 regionem
1182 3234 1363 3319 invaserit,
1384 3243 1420 3300 et

400 3356 500 3452 prior
514 3353 682 3448 injuriam
702 3351 841 3441 fecerit,
859 3378 926 3424 nos
945 3351 1231 3452 haudquaquam
1254 3351 1420 3426 tolerabi-

400 3501 493 3577 mus.
513 3475 555 3548 ld
569 3475 686 3551 donec
706 3501 910 3568 cernamus,
925 3476 1023 3577 apud
1048 3484 1286 3576 nosmetipsos
1304 3503 1420 3552 mane·

400 3591 533 3674 bimus.
552 3606 680 3700 Neque
698 3605 795 3684 enim
819 3606 855 3672 in
878 3625 944 3672 nos
960 3605 1084 3673 venire
1104 3603 1216 3673 Persae
1234 3601 1418 3704 videntur,

400 3724 513 3800 sedin
533 3753 596 3799 eos
617 3729 683 3826 qui
701 3725 849 3798 fuerunt
863 3740 1030 3798 auctores
1043 3726 1193 3822 injurias.
1208 3758 1224 3794 n

449 3857 539 3947 Quae
554 3867 678 3925 utrum
691 3876 729 3924 re
745 3875 829 3924 vera
845 3875 866 3922 a
883 3849 1109 3952 principibus
1123 3851 1365 3924 Barbarorum
1383 3853 1419 3920 in

432 4145 645 4205 ¹-11er.‚rv‚ttt.
663 4142 813 4209 (morentii
830 4143 910 4196 valle
920 4143 1130 4210 interpretatione
1141 4157 1201 4198 usus
1210 4143 1294 4207 snm.)
