3484 5225
837 597 935 670 ..‘2g
959 642 996 653 .-

373 753 375 757 ’
406 742 613 817 officiorum
639 750 741 826 notio
774 760 810 814 et
834 768 920 814 usus
953 746 1102 813 omnino
1127 739 1331 812 defuerunt.
1360 746 1427 811 He-

407 868 559 940 rodotus
594 872 704 965 igitur
733 872 769 937 in
801 872 921 965 operis
944 872 998 937 sui
1022 891 1130 937 cursu
1164 880 1322 962 quatuor
1353 869 1426 936 vir-

322 984 326 989 ’
405 1008 499 1063 tutes
528 992 748 1063 aemulationi
774 998 978 1090 propositas
1008 998 1217 1079 aSocrate,
1235 994 1425 1086 pietatem,

401 1117 595 1210 justitiam,
610 1113 862 1185 fortitudinem
882 1130 917 1185 et
935 1120 1227 1213 temperantiam,
1244 1137 1427 1186 commen·

411 1240 473 1310 dat
498 1241 620 1310 multis
650 1240 736 1310 locis
755 1265 849 1336 quos
877 1264 1001 1309 ornnes
1023 1240 1228 1348 singulatim
1247 1238 1428 1311 discutere

405 1363 689 1463 supersedemus.
712 1369 879 1462 Magnam
898 1363 992 1435 idem
1019 1363 1252 1463 prudentiam
1277 1388 1318 1435 ac
1335 1366 1425 1434 veri-

406 1503 514 1559 tatem
540 1493 746 1577 sententiis,
770 1514 861 1585 quas
878 1494 1008 1585 passim
1032 1493 1068 1559 in
1089 1488 1244 1559 medium
1266 1486 1424 1586 profert,

407 1617 582 1701 inseruit,
613 1618 768 1715 quarum
795 1613 928 1683 similes
955 1612 1051 1710 apud
1078 1618 1264 1711 gnomicos
1292 1626 1328 1682 et
1354 1607 1425 1683 tr'a·

410 1741 509 1832 gicos
525 1752 648 1835 poetas
665 1735 768 1809 facile
785 1742 944 1835 reperire
965 1752 1017 1808 est
1030 1748 1055 1807 ¹.

784 1976 1048 1988 vn———nnnu—

1161 2050 1179 2083 Ο
1276 2075 1280 2083 .

695 2222 830 2305 PARS
863 2222 1130 2307 SECUNDA.

721 2462 928 2512 superstitiones
941 2461 1096 2505 flcrottoteae
1108 2470 1114 2503 ε

628 2571 664 2616 lte
677 2572 805 2624 commta,
820 2572 854 2616 rte
868 2571 1016 2625 nrottlstts,
1031 2569 1203 2614 deoramus.

452 2742 568 2812 Multa
584 2757 666 2810 sunt
681 2745 717 2810 in
732 2741 892 2812 historiis
906 2745 1063 2838 antiquis
1080 2739 1143 2813 fati
1162 2767 1244 2812 cum
1261 2740 1425 2813 libertate

406 2867 589 2960 conjuncti
618 2867 778 2964 exempla
798 2919 812 2955 ‚,
832 2892 913 2962 quae
946 2892 1000 2966 res
1037 2883 1154 2938 tamen
1184 2891 1312 2963 magna
1341 2892 1426 2937 con·

406 2990 619 3062 tradictione
643 2995 737 3061 inter
761 3016 837 3062 sese
856 3006 1030 3088 pugnant.
1056 2996 1108 3061 Ita
1132 2990 1174 3061 fit
1201 3005 1240 3060 ut
1261 2989 1426 3061 homines

402 3115 501 3214 apud
529 3115 719 3203 historicos
745 3141 810 3187 nec
837 3141 910 3185 non
942 3115 1041 3212 apud
1067 3129 1192 3213 poetas
1218 3118 1256 3184 in
1288 3114 1425 3212 duplici

404 3239 611 3311 conditione
631 3227 944 3310 videantur‘esse:
973 3253 1051 3307 tum
1068 3238 1193 3328 liberi,
1221 3254 1299 3310 tum
1318 3245 1422 3328 servi,

404 3379 483 3434 tum
503 3363 655 3434 deorum
682 3363 859 3435 voluntati
884 3361 1057 3452 rebelles,
1084 3379 1161 3433 tum
1187 3361 1250 3434 fati
1277 3367 1424 3436 inevita-

375 3486 486 3557 ·bilis
525 3488 663 3584 legibus
697 3488 869 3576 obstricti.
901 3489 1013 3583 Cujus
1047 3503 1342 3584 quantacumque
1380 3493 1426 3558 sit

407 3627 594 3709 potestas,.
611 3612 727 3708 libero
764 3639 837 3682 non
873 3611 1072 3683 admodum
1099 3627 1223 3682 carent
1251 3611 1422 3700 arbitri03

404 3760 480 3832 quo
514 3735 663 3832 quidem
690 3738 884 3835 inprimis
915 3739 1041 3807 ceteris
1069 3735 1310 3807 animantibus
1337 3759 1425 3832 prae-

403 3874 513 3947 stant,
534 3859 644 3957 idque
664 3859 718 3931 vel
740 3857 804 3931 ubi
823 3859 914 3932 dura
930 3865 1116 3932 necessitas
1135 3865 1288 3931 maxime
1306 3873 1423 3954 urget.

454 3988 690 4082 Quicumque
727 3991 857 4056 nostris
895 3985 1120 4082 temporibus
1157 3983 1202 4054 ad
1240 3987 1423 4055 civitatem

437 4155 443 4179 ¹
471 4145 543 4202 lter„
556 4156 575 4203 r,
590 4147 647 4198 1053
659 4156 708 4205 vu,
723 4148 760 4204 to,
775 4145 812 4204 13,
830 4145 868 4201 16,
886 4145 925 4203 49,
940 4146 992 4205 tot,
1008 4145 1065 4202 1523
1079 4153 1141 4204 viu,
1154 4145 1198 4203 oo,
1211 4147 1261 4192 ete.
