<?xml version="1.0" encoding="UTF-8"?>
<!DOCTYPE html PUBLIC "-//W3C//DTD XHTML 1.0 Transitional//EN"
    "http://www.w3.org/TR/xhtml1/DTD/xhtml1-transitional.dtd">
<html xmlns="http://www.w3.org/1999/xhtml" xml:lang="en" lang="en">
 <head>
  <title>
</title>
<meta http-equiv="Content-Type" content="text/html;charset=utf-8" />
  <meta name='ocr-system' content='tesseract 3.04.00' />
  <meta name='ocr-capabilities' content='ocr_page ocr_carea ocr_par ocr_line ocrx_word'/>
</head>
<body>
  <div class='ocr_page' id='page_1' title='image "./quidapudherodot00lacrgoog_0015.png"; bbox 0 0 3484 5225; ppageno 0'>
   <div class='ocr_carea' id='block_1_1' title="bbox 746 570 928 629">
    <p class='ocr_par' dir='ltr' id='par_1_1' title="bbox 746 570 928 629">
     <span class='ocr_line' id='line_1_1' title="bbox 746 570 928 629; baseline -0.033 -14"><span class='ocrx_word' id='word_1_1' title='bbox 746 570 928 629; x_wconf 69' lang='grc' dir='ltr'>..ιι..,</span> 
     </span>
    </p>
   </div>
   <div class='ocr_carea' id='block_1_2' title="bbox 311 700 1353 3935">
    <p class='ocr_par' dir='ltr' id='par_1_2' title="bbox 313 700 1341 1552">
     <span class='ocr_line' id='line_1_2' title="bbox 316 700 1340 803; baseline 0.006 -27"><span class='ocrx_word' id='word_1_2' title='bbox 316 708 474 803; x_wconf 82' lang='lat' dir='ltr'><strong>reperies</strong></span> <span class='ocrx_word' id='word_1_3' title='bbox 483 702 586 801; x_wconf 88' lang='lat' dir='ltr'><strong>quod</strong></span> <span class='ocrx_word' id='word_1_4' title='bbox 596 700 930 775; x_wconf 82' lang='lat' dir='ltr'><strong>rilemdolosumve</strong></span> <span class='ocrx_word' id='word_1_5' title='bbox 942 706 1105 781; x_wconf 82' lang='lat' dir='ltr'><strong>animum</strong></span> <span class='ocrx_word' id='word_1_6' title='bbox 1121 703 1340 798; x_wconf 89' lang='lat' dir='ltr'><strong>denotet,ut.</strong></span> 
     </span>
     <span class='ocr_line' id='line_1_3' title="bbox 315 824 1341 927; baseline -0.002 -28"><span class='ocrx_word' id='word_1_7' title='bbox 315 828 465 927; x_wconf 87' lang='lat' dir='ltr'><strong>quidem</strong></span> <span class='ocrx_word' id='word_1_8' title='bbox 477 832 547 901; x_wconf 91' lang='lat' dir='ltr'><strong>Dio</strong></span> <span class='ocrx_word' id='word_1_9' title='bbox 558 842 594 902; x_wconf 91' lang='lat' dir='ltr'><strong>et</strong></span> <span class='ocrx_word' id='word_1_10' title='bbox 610 827 823 901; x_wconf 88' lang='lat' dir='ltr'><strong>Plutarchus</strong></span> <span class='ocrx_word' id='word_1_11' title='bbox 833 824 925 899; x_wconf 86' lang='lat' dir='ltr'><strong>falso</strong></span> <span class='ocrx_word' id='word_1_12' title='bbox 938 826 1171 927; x_wconf 84' lang='lat' dir='ltr'><strong>putaverunt.</strong></span> <span class='ocrx_word' id='word_1_13' title='bbox 1194 834 1341 908; x_wconf 64' lang='lat' dir='ltr'><strong>«Nam,</strong></span> 
     </span>
     <span class='ocr_line' id='line_1_4' title="bbox 315 930 1335 1060; baseline 0.003 -34"><span class='ocrx_word' id='word_1_14' title='bbox 315 979 388 1053; x_wconf 88' lang='lat' dir='ltr'><strong>que</strong></span> <span class='ocrx_word' id='word_1_15' title='bbox 411 930 647 1034; x_wconf 72' lang='lat' dir='ltr'><strong>Athenienses</strong></span> <span class='ocrx_word' id='word_1_16' title='bbox 664 951 872 1033; x_wconf 76' lang='lat' dir='ltr'>Corinthios</span> <span class='ocrx_word' id='word_1_17' title='bbox 893 958 1041 1051; x_wconf 82' lang='lat' dir='ltr'><strong>ignavos</strong></span> <span class='ocrx_word' id='word_1_18' title='bbox 1057 978 1094 1028; x_wconf 90' lang='lat' dir='ltr'><strong>se</strong></span> <span class='ocrx_word' id='word_1_19' title='bbox 1113 954 1213 1060; x_wconf 81' lang='lat' dir='ltr'><strong>¹apud</strong></span> <span class='ocrx_word' id='word_1_20' title='bbox 1237 956 1335 1031; x_wconf 86' lang='lat' dir='ltr'><strong>Sala-</strong></span> 
     </span>
     <span class='ocr_line' id='line_1_5' title="bbox 314 1078 1334 1179; baseline 0.004 -28"><span class='ocrx_word' id='word_1_21' title='bbox 314 1085 448 1153; x_wconf 80' lang='lat' dir='ltr'><strong>minam</strong></span> <span class='ocrx_word' id='word_1_22' title='bbox 470 1082 674 1178; x_wconf 77' lang='lat' dir='ltr'><strong>praestitisse</strong></span> <span class='ocrx_word' id='word_1_23' title='bbox 695 1082 943 1175; x_wconf 76' lang='lat' dir='ltr'><strong>Graeciamque</strong></span> <span class='ocrx_word' id='word_1_24' title='bbox 962 1084 1116 1178; x_wconf 90' lang='lat' dir='ltr'><strong>turpiter</strong></span> <span class='ocrx_word' id='word_1_25' title='bbox 1133 1078 1334 1179; x_wconf 88' lang='lat' dir='ltr'><strong>prodidisse</strong></span> 
     </span>
     <span class='ocr_line' id='line_1_6' title="bbox 313 1196 1335 1304; baseline 0 -27"><span class='ocrx_word' id='word_1_26' title='bbox 313 1217 482 1277; x_wconf 88' lang='lat' dir='ltr'><strong>accusant</strong></span> <span class='ocrx_word' id='word_1_27' title='bbox 495 1212 520 1274; x_wconf 87' lang='lat'><strong>¹.</strong></span> <span class='ocrx_word' id='word_1_28' title='bbox 532 1196 601 1276; x_wconf 85' lang='lat' dir='ltr'><strong>Sed</strong></span> <span class='ocrx_word' id='word_1_29' title='bbox 615 1202 795 1275; x_wconf 87' lang='lat' dir='ltr'><strong>Corinthii</strong></span> <span class='ocrx_word' id='word_1_30' title='bbox 807 1203 917 1302; x_wconf 84' lang='lat' dir='ltr'><strong>longe</strong></span> <span class='ocrx_word' id='word_1_31' title='bbox 926 1203 1030 1277; x_wconf 90' lang='lat' dir='ltr'><strong>aliter</strong></span> <span class='ocrx_word' id='word_1_32' title='bbox 1040 1201 1179 1294; x_wconf 88' lang='lat' dir='ltr'><strong>dicunt,</strong></span> <span class='ocrx_word' id='word_1_33' title='bbox 1191 1218 1335 1304; x_wconf 74' lang='grc' dir='ltr'>μαρτυρεῖ</span> 
     </span>
     <span class='ocr_line' id='line_1_7' title="bbox 314 1322 1332 1428; baseline 0.003 -29"><span class='ocrx_word' id='word_1_34' title='bbox 314 1322 476 1423; x_wconf 67' lang='lat' dir='ltr'><strong>dioprasii</strong></span> <span class='ocrx_word' id='word_1_35' title='bbox 489 1337 508 1407; x_wconf 81' lang='grc' dir='ltr'>ἡ</span> <span class='ocrx_word' id='word_1_36' title='bbox 521 1328 599 1405; x_wconf 72' lang='grc' dir='ltr'>ἄλλη</span> <span class='ocrx_word' id='word_1_37' title='bbox 614 1325 813 1409; x_wconf 64' lang='grc' dir='ltr'><strong>Ἑλλάς.»Ειι</strong></span> <span class='ocrx_word' id='word_1_38' title='bbox 830 1327 1052 1400; x_wconf 89' lang='lat' dir='ltr'><strong>Herodotem</strong></span> <span class='ocrx_word' id='word_1_39' title='bbox 1068 1328 1264 1428; x_wconf 83' lang='lat' dir='ltr'><strong>prudenter</strong></span> <span class='ocrx_word' id='word_1_40' title='bbox 1272 1357 1332 1403; x_wconf 90' lang='lat' dir='ltr'><strong>su·</strong></span> 
     </span>
     <span class='ocr_line' id='line_1_8' title="bbox 313 1450 1181 1552; baseline 0 -27"><span class='ocrx_word' id='word_1_41' title='bbox 313 1451 561 1552; x_wconf 87' lang='lat' dir='ltr'><strong>persedentem</strong></span> <span class='ocrx_word' id='word_1_42' title='bbox 579 1451 625 1523; x_wconf 89' lang='lat' dir='ltr'><strong>de</strong></span> <span class='ocrx_word' id='word_1_43' title='bbox 639 1476 677 1523; x_wconf 89' lang='lat' dir='ltr'><strong>re</strong></span> <span class='ocrx_word' id='word_1_44' title='bbox 690 1450 800 1526; x_wconf 88' lang='lat' dir='ltr'><strong>dubia</strong></span> <span class='ocrx_word' id='word_1_45' title='bbox 811 1450 992 1547; x_wconf 85' lang='lat' dir='ltr'><strong>judicium</strong></span> <span class='ocrx_word' id='word_1_46' title='bbox 1007 1454 1181 1552; x_wconf 87' lang='lat' dir='ltr'><strong>proferre.</strong></span> 
     </span>
    </p>

    <p class='ocr_par' dir='ltr' id='par_1_3' title="bbox 311 1577 1353 3802">
     <span class='ocr_line' id='line_1_9' title="bbox 362 1577 1332 1674; baseline 0.004 -25"><span class='ocrx_word' id='word_1_47' title='bbox 362 1581 408 1650; x_wconf 89' lang='lat' dir='ltr'><strong>At</strong></span> <span class='ocrx_word' id='word_1_48' title='bbox 434 1577 570 1649; x_wconf 85' lang='lat' dir='ltr'><strong>infitias</strong></span> <span class='ocrx_word' id='word_1_49' title='bbox 592 1603 665 1649; x_wconf 92' lang='lat' dir='ltr'><strong>non</strong></span> <span class='ocrx_word' id='word_1_50' title='bbox 690 1603 756 1668; x_wconf 91' lang='lat' dir='ltr'><strong>eo,</strong></span> <span class='ocrx_word' id='word_1_51' title='bbox 781 1582 947 1674; x_wconf 89' lang='lat' dir='ltr'><strong>quamvis</strong></span> <span class='ocrx_word' id='word_1_52' title='bbox 970 1579 1121 1651; x_wconf 91' lang='lat' dir='ltr'><strong>honoris</strong></span> <span class='ocrx_word' id='word_1_53' title='bbox 1146 1579 1332 1655; x_wconf 82' lang='lat' dir='ltr'><strong>Herodoto</strong></span> 
     </span>
     <span class='ocr_line' id='line_1_10' title="bbox 313 1701 1335 1805; baseline 0 -28"><span class='ocrx_word' id='word_1_54' title='bbox 313 1701 581 1800; x_wconf 84' lang='lat' dir='ltr'><strong>redintegrandi</strong></span> <span class='ocrx_word' id='word_1_55' title='bbox 610 1702 916 1793; x_wconf 86' lang='lat' dir='ltr'><strong>studiosissimus,</strong></span> <span class='ocrx_word' id='word_1_56' title='bbox 944 1702 1066 1776; x_wconf 81' lang='lat' dir='ltr'><strong>iocum</strong></span> <span class='ocrx_word' id='word_1_57' title='bbox 1092 1705 1195 1777; x_wconf 87' lang='lat' dir='ltr'><strong>illum</strong></span> <span class='ocrx_word' id='word_1_58' title='bbox 1219 1710 1335 1805; x_wconf 84' lang='lat' dir='ltr'><strong>suspi-</strong></span> 
     </span>
     <span class='ocr_line' id='line_1_11' title="bbox 313 1828 1334 1932; baseline 0.003 -30"><span class='ocrx_word' id='word_1_59' title='bbox 313 1835 454 1902; x_wconf 87' lang='lat' dir='ltr'><strong>cionem</strong></span> <span class='ocrx_word' id='word_1_60' title='bbox 469 1828 665 1926; x_wconf 83' lang='lat' dir='ltr'><strong>quamdam</strong></span> <span class='ocrx_word' id='word_1_61' title='bbox 683 1855 828 1903; x_wconf 89' lang='lat' dir='ltr'><strong>movere</strong></span> <span class='ocrx_word' id='word_1_62' title='bbox 841 1852 957 1929; x_wconf 88' lang='lat' dir='ltr'><strong>posse,</strong></span> <span class='ocrx_word' id='word_1_63' title='bbox 975 1836 1013 1901; x_wconf 91' lang='lat' dir='ltr'><strong>ni</strong></span> <span class='ocrx_word' id='word_1_64' title='bbox 1028 1857 1122 1932; x_wconf 91' lang='lat' dir='ltr'><strong>opus</strong></span> <span class='ocrx_word' id='word_1_65' title='bbox 1142 1848 1260 1905; x_wconf 88' lang='lat' dir='ltr'><strong>totum</strong></span> <span class='ocrx_word' id='word_1_66' title='bbox 1280 1838 1334 1905; x_wconf 91' lang='lat' dir='ltr'><strong>in·</strong></span> 
     </span>
     <span class='ocr_line' id='line_1_12' title="bbox 313 1952 1331 2053; baseline 0.002 -26"><span class='ocrx_word' id='word_1_67' title='bbox 313 1978 464 2027; x_wconf 88' lang='lat' dir='ltr'><strong>numera</strong></span> <span class='ocrx_word' id='word_1_68' title='bbox 477 1960 636 2027; x_wconf 86' lang='lat' dir='ltr'><strong>auctoris</strong></span> <span class='ocrx_word' id='word_1_69' title='bbox 648 1959 761 2025; x_wconf 87' lang='lat' dir='ltr'><strong>nostri</strong></span> <span class='ocrx_word' id='word_1_70' title='bbox 774 1953 965 2053; x_wconf 84' lang='lat' dir='ltr'><strong>probitatis</strong></span> <span class='ocrx_word' id='word_1_71' title='bbox 978 1952 1087 2027; x_wconf 89' lang='lat' dir='ltr'><strong>ferret</strong></span> <span class='ocrx_word' id='word_1_72' title='bbox 1101 1955 1331 2047; x_wconf 87' lang='lat' dir='ltr'><strong>documenta,</strong></span> 
     </span>
     <span class='ocr_line' id='line_1_13' title="bbox 312 2062 1334 2177; baseline 0.003 -26"><span class='ocrx_word' id='word_1_73' title='bbox 312 2084 363 2151; x_wconf 91' lang='lat' dir='ltr'><strong>ita</strong></span> <span class='ocrx_word' id='word_1_74' title='bbox 386 2093 429 2150; x_wconf 93' lang='lat' dir='ltr'><strong>ut</strong></span> <span class='ocrx_word' id='word_1_75' title='bbox 454 2103 549 2150; x_wconf 91' lang='lat' dir='ltr'><strong>unus</strong></span> <span class='ocrx_word' id='word_1_76' title='bbox 571 2077 699 2169; x_wconf 86' lang='lat' dir='ltr'><strong>locus,</strong></span> <span class='ocrx_word' id='word_1_77' title='bbox 723 2084 827 2175; x_wconf 80' lang='lat' dir='ltr'><strong>isque</strong></span> <span class='ocrx_word' id='word_1_78' title='bbox 854 2084 1008 2151; x_wconf 83' lang='lat' dir='ltr'><strong>maxime</strong></span> <span class='ocrx_word' id='word_1_79' title='bbox 1035 2062 1198 2171; x_wconf 77' lang='lat' dir='ltr'><strong>dubius,</strong></span> <span class='ocrx_word' id='word_1_80' title='bbox 1230 2106 1334 2177; x_wconf 88' lang='lat' dir='ltr'><strong>speo-</strong></span> 
     </span>
     <span class='ocr_line' id='line_1_14' title="bbox 313 2203 1333 2303; baseline 0.004 -28"><span class='ocrx_word' id='word_1_81' title='bbox 313 2218 393 2278; x_wconf 84' lang='lat' dir='ltr'><strong>tatae</strong></span> <span class='ocrx_word' id='word_1_82' title='bbox 408 2209 644 2303; x_wconf 84' lang='lat' dir='ltr'><strong>ingenuitatis</strong></span> <span class='ocrx_word' id='word_1_83' title='bbox 661 2203 764 2277; x_wconf 86' lang='lat' dir='ltr'><strong>famae</strong></span> <span class='ocrx_word' id='word_1_84' title='bbox 780 2229 911 2277; x_wconf 86' lang='lat' dir='ltr'><strong>nocere</strong></span> <span class='ocrx_word' id='word_1_85' title='bbox 935 2228 1011 2277; x_wconf 90' lang='lat' dir='ltr'><strong>non</strong></span> <span class='ocrx_word' id='word_1_86' title='bbox 1026 2212 1150 2303; x_wconf 86' lang='lat' dir='ltr'><strong>possit.</strong></span> <span class='ocrx_word' id='word_1_87' title='bbox 1181 2206 1269 2281; x_wconf 89' lang='lat' dir='ltr'><strong>Inde</strong></span> <span class='ocrx_word' id='word_1_88' title='bbox 1287 2207 1333 2281; x_wconf 87' lang='lat' dir='ltr'><strong>ab</strong></span> 
     </span>
     <span class='ocr_line' id='line_1_15' title="bbox 313 2327 1335 2428; baseline 0.004 -27"><span class='ocrx_word' id='word_1_89' title='bbox 313 2332 419 2402; x_wconf 88' lang='lat' dir='ltr'><strong>initio</strong></span> <span class='ocrx_word' id='word_1_90' title='bbox 433 2334 542 2428; x_wconf 88' lang='lat' dir='ltr'><strong>primi</strong></span> <span class='ocrx_word' id='word_1_91' title='bbox 556 2327 640 2401; x_wconf 87' lang='lat' dir='ltr'><strong>libri</strong></span> <span class='ocrx_word' id='word_1_92' title='bbox 654 2381 664 2419; x_wconf 92' lang='lat'><strong>,</strong></span> <span class='ocrx_word' id='word_1_93' title='bbox 687 2353 771 2401; x_wconf 88' lang='lat' dir='ltr'><strong>cum</strong></span> <span class='ocrx_word' id='word_1_94' title='bbox 784 2330 933 2425; x_wconf 84' lang='lat' dir='ltr'><strong>iujurias</strong></span> <span class='ocrx_word' id='word_1_95' title='bbox 945 2352 964 2401; x_wconf 86' lang='lat' dir='ltr'><strong>a</strong></span> <span class='ocrx_word' id='word_1_96' title='bbox 977 2332 1109 2401; x_wconf 85' lang='lat' dir='ltr'><strong>Graecis</strong></span> <span class='ocrx_word' id='word_1_97' title='bbox 1122 2333 1335 2428; x_wconf 85' lang='lat' dir='ltr'><strong>Asianisque</strong></span> 
     </span>
     <span class='ocr_line' id='line_1_16' title="bbox 314 2454 1339 2553; baseline 0.01 -28"><span class='ocrx_word' id='word_1_98' title='bbox 314 2458 469 2531; x_wconf 87' lang='lat' dir='ltr'><strong>invicem</strong></span> <span class='ocrx_word' id='word_1_99' title='bbox 486 2454 603 2527; x_wconf 78' lang='lat' dir='ltr'><strong>illatas</strong></span> <span class='ocrx_word' id='word_1_100' title='bbox 618 2459 669 2526; x_wconf 89' lang='lat' dir='ltr'><strong>ita</strong></span> <span class='ocrx_word' id='word_1_101' title='bbox 685 2460 847 2553; x_wconf 87' lang='lat' dir='ltr'><strong>exponit,</strong></span> <span class='ocrx_word' id='word_1_102' title='bbox 861 2470 918 2544; x_wconf 91' lang='lat' dir='ltr'><strong>ut,</strong></span> <span class='ocrx_word' id='word_1_103' title='bbox 936 2478 1096 2552; x_wconf 89' lang='lat' dir='ltr'><strong>quorum</strong></span> <span class='ocrx_word' id='word_1_104' title='bbox 1112 2454 1223 2533; x_wconf 84' lang='lat' dir='ltr'><strong>suerit</strong></span> <span class='ocrx_word' id='word_1_105' title='bbox 1238 2458 1339 2551; x_wconf 67' lang='lat' dir='ltr'><strong>justa</strong></span> 
     </span>
     <span class='ocr_line' id='line_1_17' title="bbox 315 2555 1332 2679; baseline 0.002 -25"><span class='ocrx_word' id='word_1_106' title='bbox 315 2602 422 2654; x_wconf 86' lang='lat' dir='ltr'><strong>causa</strong></span> <span class='ocrx_word' id='word_1_107' title='bbox 449 2555 677 2679; x_wconf 81' lang='lat' dir='ltr'><strong>pronuntiet,</strong></span> <span class='ocrx_word' id='word_1_108' title='bbox 699 2582 777 2678; x_wconf 86' lang='lat' dir='ltr'><strong>ipsa</strong></span> <span class='ocrx_word' id='word_1_109' title='bbox 799 2578 878 2658; x_wconf 86' lang='lat' dir='ltr'><strong>baec¹</strong></span> <span class='ocrx_word' id='word_1_110' title='bbox 893 2586 1060 2655; x_wconf 87' lang='lat' dir='ltr'><strong>severitas</strong></span> <span class='ocrx_word' id='word_1_111' title='bbox 1083 2585 1285 2678; x_wconf 84' lang='lat' dir='ltr'><strong>aequissima</strong></span> <span class='ocrx_word' id='word_1_112' title='bbox 1300 2594 1332 2672; x_wconf 84' lang='lat'><strong>²,</strong></span> 
     </span>
     <span class='ocr_line' id='line_1_18' title="bbox 314 2696 1353 2802; baseline 0.001 -26"><span class='ocrx_word' id='word_1_113' title='bbox 314 2729 389 2802; x_wconf 88' lang='lat' dir='ltr'><strong>qua</strong></span> <span class='ocrx_word' id='word_1_114' title='bbox 411 2709 554 2776; x_wconf 87' lang='lat' dir='ltr'><strong>Graecos</strong></span> <span class='ocrx_word' id='word_1_115' title='bbox 578 2696 757 2776; x_wconf 86' lang='lat' dir='ltr'><strong>irruentes</strong></span> <span class='ocrx_word' id='word_1_116' title='bbox 780 2729 865 2776; x_wconf 90' lang='lat' dir='ltr'><strong>cum</strong></span> <span class='ocrx_word' id='word_1_117' title='bbox 892 2711 1001 2781; x_wconf 88' lang='lat' dir='ltr'><strong>armis</strong></span> <span class='ocrx_word' id='word_1_118' title='bbox 1016 2710 1052 2776; x_wconf 90' lang='lat' dir='ltr'><strong>in</strong></span> <span class='ocrx_word' id='word_1_119' title='bbox 1065 2709 1182 2780; x_wconf 80' lang='lat' dir='ltr'><strong>Asiam</strong></span> <span class='ocrx_word' id='word_1_120' title='bbox 1198 2705 1245 2780; x_wconf 89' lang='lat' dir='ltr'><strong>ad</strong></span> <span class='ocrx_word' id='word_1_121' title='bbox 1262 2706 1353 2778; x_wconf 79' lang='lat' dir='ltr'><strong>bet.</strong></span> 
     </span>
     <span class='ocr_line' id='line_1_19' title="bbox 313 2827 1335 2924; baseline 0 -22"><span class='ocrx_word' id='word_1_122' title='bbox 313 2829 391 2904; x_wconf 82' lang='lat' dir='ltr'><strong>lum</strong></span> <span class='ocrx_word' id='word_1_123' title='bbox 427 2830 590 2924; x_wconf 84' lang='lat' dir='ltr'><strong>Trojauis</strong></span> <span class='ocrx_word' id='word_1_124' title='bbox 624 2827 882 2918; x_wconf 78' lang='lat' dir='ltr'><strong>inferendum,</strong></span> <span class='ocrx_word' id='word_1_125' title='bbox 919 2829 1134 2924; x_wconf 89' lang='lat' dir='ltr'><strong>injuriarum</strong></span> <span class='ocrx_word' id='word_1_126' title='bbox 1172 2845 1335 2902; x_wconf 82' lang='lat' dir='ltr'><strong>auctores</strong></span> 
     </span>
     <span class='ocr_line' id='line_1_20' title="bbox 314 2951 1338 3050; baseline -0.003 -24"><span class='ocrx_word' id='word_1_127' title='bbox 314 2953 422 3026; x_wconf 81' lang='lat' dir='ltr'><strong>fuisse</strong></span> <span class='ocrx_word' id='word_1_128' title='bbox 441 2951 595 3042; x_wconf 87' lang='lat' dir='ltr'><strong>fatetur,</strong></span> <span class='ocrx_word' id='word_1_129' title='bbox 620 2976 734 3024; x_wconf 88' lang='lat' dir='ltr'><strong>causae</strong></span> <span class='ocrx_word' id='word_1_130' title='bbox 752 2955 866 3050; x_wconf 88' lang='lat' dir='ltr'><strong>ipsius</strong></span> <span class='ocrx_word' id='word_1_131' title='bbox 886 2958 977 3024; x_wconf 91' lang='lat' dir='ltr'><strong>mire</strong></span> <span class='ocrx_word' id='word_1_132' title='bbox 1000 2951 1107 3025; x_wconf 88' lang='lat' dir='ltr'><strong>favet.</strong></span> <span class='ocrx_word' id='word_1_133' title='bbox 1131 2959 1338 3048; x_wconf 80' lang='lat' dir='ltr'><strong>Antequam</strong></span> 
     </span>
     <span class='ocr_line' id='line_1_21' title="bbox 313 3075 1335 3183; baseline -0.006 -33"><span class='ocrx_word' id='word_1_134' title='bbox 313 3084 409 3152; x_wconf 89' lang='lat' dir='ltr'><strong>euim</strong></span> <span class='ocrx_word' id='word_1_135' title='bbox 431 3078 621 3152; x_wconf 89' lang='lat' dir='ltr'><strong>bominum</strong></span> <span class='ocrx_word' id='word_1_136' title='bbox 649 3082 874 3177; x_wconf 81' lang='lat' dir='ltr'><strong>privatorum</strong></span> <span class='ocrx_word' id='word_1_137' title='bbox 892 3075 985 3150; x_wconf 85' lang='lat' dir='ltr'><strong>facta</strong></span> <span class='ocrx_word' id='word_1_138' title='bbox 1010 3075 1151 3183; x_wconf 87' lang='lat' dir='ltr'><strong>judicet</strong></span> <span class='ocrx_word' id='word_1_139' title='bbox 1169 3075 1335 3158; x_wconf 56' lang='lat' dir='ltr'><strong>Herode-t</strong></span> 
     </span>
     <span class='ocr_line' id='line_1_22' title="bbox 314 3198 1337 3300; baseline 0.003 -26"><span class='ocrx_word' id='word_1_140' title='bbox 314 3216 393 3292; x_wconf 92' lang='lat' dir='ltr'><strong>tus,</strong></span> <span class='ocrx_word' id='word_1_141' title='bbox 419 3204 480 3299; x_wconf 91' lang='lat' dir='ltr'><strong>jus</strong></span> <span class='ocrx_word' id='word_1_142' title='bbox 503 3208 666 3300; x_wconf 85' lang='lat' dir='ltr'><strong>gentium</strong></span> <span class='ocrx_word' id='word_1_143' title='bbox 682 3201 959 3298; x_wconf 84' lang='lat' dir='ltr'><strong>interrogando,</strong></span> <span class='ocrx_word' id='word_1_144' title='bbox 993 3200 1216 3300; x_wconf 88' lang='lat' dir='ltr'><strong>populorum</strong></span> <span class='ocrx_word' id='word_1_145' title='bbox 1243 3198 1337 3278; x_wconf 77' lang='lat' dir='ltr'><strong>facta</strong></span> 
     </span>
     <span class='ocr_line' id='line_1_23' title="bbox 313 3327 1335 3423; baseline -0.001 -24"><span class='ocrx_word' id='word_1_146' title='bbox 313 3332 465 3400; x_wconf 83' lang='lat' dir='ltr'><strong>examini</strong></span> <span class='ocrx_word' id='word_1_147' title='bbox 491 3327 683 3400; x_wconf 87' lang='lat' dir='ltr'><strong>submittit.</strong></span> <span class='ocrx_word' id='word_1_148' title='bbox 712 3332 753 3397; x_wconf 92' lang='lat' dir='ltr'><strong>In</strong></span> <span class='ocrx_word' id='word_1_149' title='bbox 782 3351 859 3423; x_wconf 92' lang='lat' dir='ltr'><strong>quo</strong></span> <span class='ocrx_word' id='word_1_150' title='bbox 893 3331 1048 3402; x_wconf 85' lang='lat' dir='ltr'><strong>maxima</strong></span> <span class='ocrx_word' id='word_1_151' title='bbox 1077 3351 1162 3399; x_wconf 90' lang='lat' dir='ltr'><strong>cum</strong></span> <span class='ocrx_word' id='word_1_152' title='bbox 1187 3332 1335 3402; x_wconf 88' lang='lat' dir='ltr'><strong>veritate</strong></span> 
     </span>
     <span class='ocr_line' id='line_1_24' title="bbox 311 3449 1335 3550; baseline 0.003 -28"><span class='ocrx_word' id='word_1_153' title='bbox 311 3453 521 3548; x_wconf 85' lang='lat' dir='ltr'><strong>justitiaque</strong></span> <span class='ocrx_word' id='word_1_154' title='bbox 537 3456 773 3548; x_wconf 89' lang='lat' dir='ltr'><strong>quaestionem</strong></span> <span class='ocrx_word' id='word_1_155' title='bbox 782 3449 977 3546; x_wconf 86' lang='lat' dir='ltr'><strong>juridicam</strong></span> <span class='ocrx_word' id='word_1_156' title='bbox 995 3455 1168 3542; x_wconf 87' lang='lat' dir='ltr'><strong>instituit,</strong></span> <span class='ocrx_word' id='word_1_157' title='bbox 1190 3465 1226 3524; x_wconf 88' lang='lat' dir='ltr'><strong>et</strong></span> <span class='ocrx_word' id='word_1_158' title='bbox 1245 3477 1335 3550; x_wconf 89' lang='lat' dir='ltr'><strong>pr0·.</strong></span> 
     </span>
     <span class='ocr_line' id='line_1_25' title="bbox 313 3575 1336 3674; baseline 0.008 -26"><span class='ocrx_word' id='word_1_159' title='bbox 313 3575 535 3651; x_wconf 88' lang='lat' dir='ltr'><strong>batissimam</strong></span> <span class='ocrx_word' id='word_1_160' title='bbox 549 3579 757 3673; x_wconf 82' lang='lat' dir='ltr'><strong>aequitatem</strong></span> <span class='ocrx_word' id='word_1_161' title='bbox 769 3579 805 3647; x_wconf 93' lang='lat' dir='ltr'><strong>iu</strong></span> <span class='ocrx_word' id='word_1_162' title='bbox 818 3576 1084 3674; x_wconf 89' lang='lat' dir='ltr'><strong>jureutrinque</strong></span> <span class='ocrx_word' id='word_1_163' title='bbox 1101 3575 1336 3674; x_wconf 77' lang='lat' dir='ltr'><strong>dijudicando</strong></span> 
     </span>
     <span class='ocr_line' id='line_1_26' title="bbox 315 3700 898 3802; baseline -0.002 -30"><span class='ocrx_word' id='word_1_164' title='bbox 315 3700 481 3774; x_wconf 91' lang='lat' dir='ltr'><strong>ostendit.</strong></span> <span class='ocrx_word' id='word_1_165' title='bbox 895 3798 898 3802; x_wconf 7' lang='grc' dir='ltr'>ἡ</span> 
     </span>
    </p>

    <p class='ocr_par' dir='ltr' id='par_1_4' title="bbox 361 3825 1335 3935">
     <span class='ocr_line' id='line_1_27' title="bbox 361 3825 1335 3935; baseline -0.001 -39"><span class='ocrx_word' id='word_1_166' title='bbox 361 3831 424 3899; x_wconf 82' lang='lat' dir='ltr'><strong>ius</strong></span> <span class='ocrx_word' id='word_1_167' title='bbox 446 3830 544 3898; x_wconf 87' lang='lat' dir='ltr'><strong>enim</strong></span> <span class='ocrx_word' id='word_1_168' title='bbox 560 3831 723 3924; x_wconf 85' lang='lat' dir='ltr'><strong>gentium</strong></span> <span class='ocrx_word' id='word_1_169' title='bbox 740 3839 868 3934; x_wconf 87' lang='lat' dir='ltr'><strong>utpote</strong></span> <span class='ocrx_word' id='word_1_170' title='bbox 893 3848 975 3924; x_wconf 88' lang='lat' dir='ltr'><strong>pars</strong></span> <span class='ocrx_word' id='word_1_171' title='bbox 996 3825 1235 3935; x_wconf 85' lang='lat' dir='ltr'><strong>philosophiae</strong></span> <span class='ocrx_word' id='word_1_172' title='bbox 1259 3849 1335 3922; x_wconf 83' lang='lat' dir='ltr'><strong>mo·</strong></span> 
     </span>
    </p>
   </div>
   <div class='ocr_carea' id='block_1_3' title="bbox 345 4027 1087 4188">
    <p class='ocr_par' dir='ltr' id='par_1_5' title="bbox 345 4027 1087 4188">
     <span class='ocr_line' id='line_1_28' title="bbox 345 4027 1087 4093; baseline -0.004 -13"><span class='ocrx_word' id='word_1_173' title='bbox 345 4038 351 4064; x_wconf 92' lang='lat'>¹</span> <span class='ocrx_word' id='word_1_174' title='bbox 370 4031 442 4091; x_wconf 75' lang='lat' dir='ltr'><strong>Her,</strong></span> <span class='ocrx_word' id='word_1_175' title='bbox 455 4041 520 4091; x_wconf 84' lang='lat' dir='ltr'><strong>viu,</strong></span> <span class='ocrx_word' id='word_1_176' title='bbox 535 4034 574 4093; x_wconf 81' lang='lat' dir='ltr'><strong>at,</strong></span> <span class='ocrx_word' id='word_1_177' title='bbox 586 4031 627 4082; x_wconf 86' lang='lat' dir='ltr'><strong>ed.</strong></span> <span class='ocrx_word' id='word_1_178' title='bbox 640 4030 732 4092; x_wconf 70' lang='lat' dir='ltr'><strong>Baetin,</strong></span> <span class='ocrx_word' id='word_1_179' title='bbox 745 4036 764 4080; x_wconf 89' lang='lat' dir='ltr'><strong>t.</strong></span> <span class='ocrx_word' id='word_1_180' title='bbox 776 4042 819 4093; x_wconf 89' lang='grc' dir='ltr'>ιιι,</span> <span class='ocrx_word' id='word_1_181' title='bbox 831 4033 884 4080; x_wconf 74' lang='lat'><strong>128.</strong></span> <span class='ocrx_word' id='word_1_182' title='bbox 896 4029 934 4080; x_wconf 77' lang='lat' dir='ltr'><strong>(li.</strong></span> <span class='ocrx_word' id='word_1_183' title='bbox 949 4035 1011 4090; x_wconf 79' lang='lat' dir='ltr'><strong>not,</strong></span> <span class='ocrx_word' id='word_1_184' title='bbox 1024 4027 1087 4078; x_wconf 89' lang='lat' dir='ltr'><strong>ibid.</strong></span> 
     </span>
     <span class='ocr_line' id='line_1_29' title="bbox 347 4123 526 4188; baseline -0.006 -11"><span class='ocrx_word' id='word_1_185' title='bbox 347 4123 356 4152; x_wconf 88' lang='lat'>²</span> <span class='ocrx_word' id='word_1_186' title='bbox 375 4127 446 4188; x_wconf 73' lang='lat' dir='ltr'><strong>fler,</strong></span> <span class='ocrx_word' id='word_1_187' title='bbox 464 4137 485 4185; x_wconf 88' lang='grc' dir='ltr'><strong>ι,</strong></span> <span class='ocrx_word' id='word_1_188' title='bbox 502 4129 526 4176; x_wconf 82' lang='grc' dir='ltr'><strong>ι.</strong></span> 
     </span>
    </p>
   </div>
   <div class='ocr_carea' id='block_1_4' title="bbox 0 0 1746 5225">
    <p class='ocr_par' dir='ltr' id='par_1_6' title="bbox 0 0 1746 5225">
     <span class='ocr_line' id='line_1_30' title="bbox 0 0 1746 5225; baseline 0 1"><span class='ocrx_word' id='word_1_189' title='bbox 0 0 1746 5225; x_wconf 95' lang='lat' dir='ltr'><strong> </strong></span> 
     </span>
    </p>
   </div>
  </div>
 </body>
</html>
