3484 5225
822 638 981 692 ..38-

391 744 622 866 reportarunt
642 773 665 836 ¹.
687 769 851 857 Quarum
876 787 998 836 rerum
1024 769 1160 836 mentio
1185 764 1282 864 apud
1300 770 1410 837 Hero·

391 890 518 963 dotum
546 892 634 963 tanti
663 894 835 962 momenti
860 889 1005 961 videtur
1036 914 1128 979 esse,
1158 904 1201 962 ut
1224 912 1412 988 nunquam

390 1014 468 1117 qno
483 1020 639 1114 quisque
652 1029 775 1087 vatum
788 1014 1071 1088 sacrificantium
1084 1014 1167 1088 loco
1181 1030 1298 1105 ortus,
1317 1042 1413 1115 quae·

287 1164 295 1177 ·
392 1146 526 1241 quein
556 1145 625 1212 vita
654 1164 718 1211 sua
739 1155 908 1238 expertus
934 1122 1063 1231 fuerit,
1091 1139 1225 1212 referre
1252 1146 1409 1221 omittat.

390 1263 496 1337 Unde
522 1263 645 1337 videre
670 1264 774 1356 licet,
807 1271 894 1338 istos
922 1265 1088 1339 homines
1113 1270 1150 1337 in
1179 1268 1413 1339 aestinratione

390 1390 512 1489 aliqua
528 1388 680 1463 habitos
692 1388 821 1482 fuisse,
847 1390 1014 1489 quamvis
1038 1392 1087 1464 ob
1106 1416 1250 1464 morum
1268 1416 1411 1489 perver·
1491 1430 1493 1434 v

390 1522 532 1590 sitalem
552 1515 644 1588 male
660 1522 793 1606 notati,
815 1515 861 1589 ad
884 1522 1037 1617 pessima
1061 1515 1321 1589 adhiberentur
1334 1538 1413 1587 mu·

389 1662 493 1734 nera,
510 1648 647 1740 quippe
669 1667 714 1713 ex
730 1666 890 1739 quorum
915 1666 977 1713 ore
992 1640 1148 1739 indignae
1171 1645 1246 1712 istae
1263 1638 1413 1740 praedic·

392 1773 508 1841 tiones
526 1770 672 1840 exirent.
695 1771 788 1840 Nam
814 1782 939 1841 omnes
956 1763 1031 1839 fere
1053 1792 1147 1864 quos
1170 1771 1256 1841 citat
1271 1770 1412 1856 Noster,

390 1892 558 1966 homines
579 1892 810 1989 abjectissimi
829 1892 903 1989 J'am
920 1906 1045 1983 antea,
1071 1890 1110 1962 id
1137 1896 1243 1963 unice
1260 1890 1414 1988 agebant

391 2035 434 2091 ut
446 2018 535 2092 alios
561 2017 780 2117 deciperent.

441 2146 702 2243 Hegesistratus
726 2143 852 2231 Eleus,
881 2140 1141 2215 famosissimus
1157 2140 1412 2234 Telliadarum,

391 2273 451 2343 cui
476 2266 688 2342 Mardonius
713 2284 794 2341 exta
821 2266 1034 2366 inspiciendi
1059 2292 1183 2340 curam
1208 2268 1412 2358 mandavit,
1500 2362 1506 2369 .

393 2418 540 2496 poenam
568 2393 758 2493 capitalem
784 2391 977 2490 effugerat,
997 2417 1106 2489 quam
1133 2408 1257 2492 postea
1285 2398 1417 2492 Zacyn-

392 2518 446 2591 thi
481 2518 548 2592 luit
567 2530 592 2589 ².
620 2522 856 2609 Tisamenus,
883 2520 1096 2590 Graecorum
1126 2543 1281 2617 aruspex
1317 2516 1414 2618 apud

392 2643 554 2733 Plataeas,
569 2645 738 2716 Antiochi
755 2644 873 2733 filius,
889 2643 995 2716 Eleus
1013 2643 1163 2740 quidem
1182 2659 1273 2716 etex
1287 2668 1416 2744 genere

392 2765 640 2838 Jamideorum
678 2765 886 2864 Clytiades,
923 2773 1009 2838 artis
1041 2793 1113 2840 suae
1144 2783 1321 2866 quaestum
1362 2767 1414 2840 fa·

393 2889 541 2980 ciendo,
564 2914 633 2961 una
652 2888 862 2963 cumfratre
879 2916 946 2962 suo
970 2896 1096 2991 Hegia,
1113 2893 1195 2989 jure
1221 2897 1373 2964 civitatis
1395 2915 1416 2964 a

391 3014 670 3090 Lacedaemoniis
687 3014 843 3088 donatus
861 3031 913 3087 est
928 3010 955 3085 ³.
968 3017 1182 3117 Deiphobus
1198 3041 1307 3115 quem
1326 3021 1418 3090 Leo-

392 3140 556 3240 tychides
578 3147 614 3212 in
633 3146 750 3213 Asiam
774 3167 895 3213 secum
916 3147 1043 3231 avexit,
1066 3146 1213 3242 insignis
1237 3157 1417 3215 veterator

390 3266 620 3355 habebatur,
638 3269 703 3365 qui
725 3269 872 3339 nomine
894 3281 1072 3365 usurpato
1089 3269 1220 3356 Eueni,
1240 3255 1416 3367 aruspicis
1525 3363 1526 3368 ἵ

391 3393 641 3483 celeberrimi,
672 3397 846 3466 Graeciam
873 3417 1067 3493 peragrans
1092 3369 1237 3466 oracula
1264 3407 1415 3492 argento

393 3513 602 3589 venditabat
619 3515 644 3587 l.
668 3521 922 3588 Onomacritus
946 3517 1171 3589 Atheniensis
1189 3532 1224 3587 et
1243 3517 1338 3588 idern
1365 3515 1414 3588 ob

394 3637 518 3714 Musaei
531 3639 678 3713 oracula
700 3646 815 3740 gratia
832 3642 924 3714 lucri
945 3639 1111 3742 vulgata,
1131 3641 1277 3715 Athenis
1291 3641 1420 3741 expui«

423 3910 431 3938 ¹
450 3903 522 3958 lter„
540 3911 578 3962 ιι,
598 3903 639 3962 ⁹2,
658 3904 699 3949 ae.

426 3995 435 4026 ³
454 3998 526 4057 tien,
543 4009 581 4058 tx,
595 3999 634 4046 36.

425 4088 435 4118 ³
452 4091 525 4152 fler,
537 4101 577 4151 tx,
592 4093 632 4150 ΒΞ,
647 4092 686 4139 8³.

425 4189 433 4217 ⁸
452 4188 524 4248 tter,
538 4197 576 4245 rx,
589 4188 630 4234 at.
