<?xml version="1.0" encoding="UTF-8"?>
<!DOCTYPE html PUBLIC "-//W3C//DTD XHTML 1.0 Transitional//EN"
    "http://www.w3.org/TR/xhtml1/DTD/xhtml1-transitional.dtd">
<html xmlns="http://www.w3.org/1999/xhtml" xml:lang="en" lang="en">
 <head>
  <title>
</title>
<meta http-equiv="Content-Type" content="text/html;charset=utf-8" />
  <meta name='ocr-system' content='tesseract 3.04.00' />
  <meta name='ocr-capabilities' content='ocr_page ocr_carea ocr_par ocr_line ocrx_word'/>
</head>
<body>
  <div class='ocr_page' id='page_1' title='image "./quidapudherodot00lacrgoog_0070.png"; bbox 0 0 3484 5225; ppageno 0'>
   <div class='ocr_carea' id='block_1_1' title="bbox 846 588 1004 639">
    <p class='ocr_par' dir='ltr' id='par_1_1' title="bbox 846 588 1004 639">
     <span class='ocr_line' id='line_1_1' title="bbox 846 588 1004 639; baseline -0.006 0"><span class='ocrx_word' id='word_1_1' title='bbox 846 588 1004 639; x_wconf 78' lang='lat' dir='ltr'>-iiii-</span> 
     </span>
    </p>
   </div>
   <div class='ocr_carea' id='block_1_2' title="bbox 416 712 1466 1929">
    <p class='ocr_par' dir='ltr' id='par_1_2' title="bbox 416 712 1466 1929">
     <span class='ocr_line' id='line_1_2' title="bbox 419 712 1438 813; baseline -0.004 -22"><span class='ocrx_word' id='word_1_2' title='bbox 419 724 576 791; x_wconf 87' lang='lat' dir='ltr'>numinis</span> <span class='ocrx_word' id='word_1_3' title='bbox 603 718 730 813; x_wconf 88' lang='lat' dir='ltr'>optimi</span> <span class='ocrx_word' id='word_1_4' title='bbox 762 728 797 781; x_wconf 92' lang='lat' dir='ltr'>et</span> <span class='ocrx_word' id='word_1_5' title='bbox 823 714 1010 807; x_wconf 87' lang='lat' dir='ltr'>justissimi</span> <span class='ocrx_word' id='word_1_6' title='bbox 1034 718 1101 781; x_wconf 82' lang='lat' dir='ltr'>rite</span> <span class='ocrx_word' id='word_1_7' title='bbox 1123 712 1360 809; x_wconf 83' lang='lat' dir='ltr'>concipienda</span> <span class='ocrx_word' id='word_1_8' title='bbox 1377 715 1438 787; x_wconf 83' lang='lat' dir='ltr'>ab·</span> 
     </span>
     <span class='ocr_line' id='line_1_3' title="bbox 417 834 1437 934; baseline -0.002 -20"><span class='ocrx_word' id='word_1_9' title='bbox 417 843 562 914; x_wconf 78' lang='lat' dir='ltr'>fuerint.</span> <span class='ocrx_word' id='word_1_10' title='bbox 582 844 838 911; x_wconf 76' lang='lat' dir='ltr'>Verumtamen</span> <span class='ocrx_word' id='word_1_11' title='bbox 858 852 1056 934; x_wconf 82' lang='lat' dir='ltr'>perpetuus</span> <span class='ocrx_word' id='word_1_12' title='bbox 1075 834 1233 930; x_wconf 84' lang='lat' dir='ltr'>ejusdem</span> <span class='ocrx_word' id='word_1_13' title='bbox 1249 842 1315 908; x_wconf 88' lang='lat' dir='ltr'>Dei</span> <span class='ocrx_word' id='word_1_14' title='bbox 1330 844 1437 912; x_wconf 82' lang='lat' dir='ltr'>inter-</span> 
     </span>
     <span class='ocr_line' id='line_1_4' title="bbox 417 966 1433 1066; baseline -0.003 -28"><span class='ocrx_word' id='word_1_15' title='bbox 417 982 555 1052; x_wconf 86' lang='lat' dir='ltr'>ventus,</span> <span class='ocrx_word' id='word_1_16' title='bbox 576 990 685 1061; x_wconf 87' lang='lat' dir='ltr'>quem</span> <span class='ocrx_word' id='word_1_17' title='bbox 706 966 844 1059; x_wconf 79' lang='lat' dir='ltr'>primus</span> <span class='ocrx_word' id='word_1_18' title='bbox 862 978 897 1066; x_wconf 81' lang='lat' dir='ltr'>et</span> <span class='ocrx_word' id='word_1_19' title='bbox 916 966 1056 1059; x_wconf 75' lang='lat' dir='ltr'>egregie</span> <span class='ocrx_word' id='word_1_20' title='bbox 1071 985 1190 1031; x_wconf 77' lang='lat' dir='ltr'>nortun</span> <span class='ocrx_word' id='word_1_21' title='bbox 1213 968 1346 1033; x_wconf 83' lang='lat' dir='ltr'>eventis</span> <span class='ocrx_word' id='word_1_22' title='bbox 1367 969 1433 1035; x_wconf 91' lang='lat' dir='ltr'>im·</span> 
     </span>
     <span class='ocr_line' id='line_1_5' title="bbox 418 1084 1435 1184; baseline -0.003 -22"><span class='ocrx_word' id='word_1_23' title='bbox 418 1096 559 1162; x_wconf 83' lang='lat' dir='ltr'>miscuit</span> <span class='ocrx_word' id='word_1_24' title='bbox 578 1092 717 1160; x_wconf 78' lang='lat' dir='ltr'>Noster.</span> <span class='ocrx_word' id='word_1_25' title='bbox 743 1084 1029 1183; x_wconf 80' lang='lat' dir='ltr'>pulcherrimum</span> <span class='ocrx_word' id='word_1_26' title='bbox 1054 1090 1166 1183; x_wconf 88' lang='lat' dir='ltr'>ipsius</span> <span class='ocrx_word' id='word_1_27' title='bbox 1187 1093 1308 1184; x_wconf 83' lang='lat' dir='ltr'>operis</span> <span class='ocrx_word' id='word_1_28' title='bbox 1331 1114 1435 1160; x_wconf 83' lang='lat' dir='ltr'>orna·</span> 
     </span>
     <span class='ocr_line' id='line_1_6' title="bbox 417 1185 1432 1307; baseline -0.005 -17"><span class='ocrx_word' id='word_1_29' title='bbox 417 1230 601 1297; x_wconf 87' lang='lat' dir='ltr'>mentum,</span> <span class='ocrx_word' id='word_1_30' title='bbox 636 1215 845 1305; x_wconf 76' lang='lat' dir='ltr'>ingeniique</span> <span class='ocrx_word' id='word_1_31' title='bbox 877 1185 1074 1279; x_wconf 76' lang='lat' dir='ltr'>Herodotei</span> <span class='ocrx_word' id='word_1_32' title='bbox 1107 1209 1432 1307; x_wconf 82' lang='lat' dir='ltr'>splendidissimum</span> 
     </span>
     <span class='ocr_line' id='line_1_7' title="bbox 416 1330 1431 1429; baseline 0.002 -23"><span class='ocrx_word' id='word_1_33' title='bbox 416 1339 676 1408; x_wconf 75' lang='lat' dir='ltr'>documentum</span> <span class='ocrx_word' id='word_1_34' title='bbox 703 1348 764 1402; x_wconf 89' lang='lat' dir='ltr'>est.</span> <span class='ocrx_word' id='word_1_35' title='bbox 791 1336 881 1401; x_wconf 91' lang='lat' dir='ltr'>Cum</span> <span class='ocrx_word' id='word_1_36' title='bbox 907 1330 1090 1401; x_wconf 81' lang='lat' dir='ltr'>servaudae</span> <span class='ocrx_word' id='word_1_37' title='bbox 1110 1358 1228 1419; x_wconf 80' lang='lat' dir='ltr'>rerum</span> <span class='ocrx_word' id='word_1_38' title='bbox 1253 1352 1431 1429; x_wconf 77' lang='lat' dir='ltr'>gestarum</span> 
     </span>
     <span class='ocr_line' id='line_1_8' title="bbox 416 1456 1433 1557; baseline -0.003 -25"><span class='ocrx_word' id='word_1_39' title='bbox 416 1486 596 1533; x_wconf 74' lang='lat' dir='ltr'>memonm</span> <span class='ocrx_word' id='word_1_40' title='bbox 609 1482 756 1557; x_wconf 80' lang='lat' dir='ltr'>operam</span> <span class='ocrx_word' id='word_1_41' title='bbox 771 1472 932 1527; x_wconf 80' lang='lat' dir='ltr'>uarvaret</span> <span class='ocrx_word' id='word_1_42' title='bbox 947 1456 1162 1543; x_wconf 85' lang='lat' dir='ltr'>Herodotus,</span> <span class='ocrx_word' id='word_1_43' title='bbox 1175 1458 1243 1529; x_wconf 87' lang='lat' dir='ltr'>alta</span> <span class='ocrx_word' id='word_1_44' title='bbox 1257 1477 1376 1532; x_wconf 82' lang='lat' dir='ltr'>niente</span> <span class='ocrx_word' id='word_1_45' title='bbox 1386 1467 1433 1531; x_wconf 87' lang='lat' dir='ltr'>in.</span> 
     </span>
     <span class='ocr_line' id='line_1_9' title="bbox 416 1579 1434 1671; baseline 0.002 -16"><span class='ocrx_word' id='word_1_46' title='bbox 416 1583 548 1655; x_wconf 82' lang='lat' dir='ltr'>tellexit</span> <span class='ocrx_word' id='word_1_47' title='bbox 578 1590 649 1651; x_wconf 83' lang='lat' dir='ltr'>vim</span> <span class='ocrx_word' id='word_1_48' title='bbox 681 1580 836 1671; x_wconf 84' lang='lat' dir='ltr'>divinam</span> <span class='ocrx_word' id='word_1_49' title='bbox 864 1587 900 1649; x_wconf 88' lang='lat' dir='ltr'>&#39;m</span> <span class='ocrx_word' id='word_1_50' title='bbox 931 1579 1100 1651; x_wconf 69' lang='lat' dir='ltr'>thumanis</span> <span class='ocrx_word' id='word_1_51' title='bbox 1132 1583 1434 1657; x_wconf 79' lang='lat' dir='ltr'>vicissitudinibus</span> 
     </span>
     <span class='ocr_line' id='line_1_10' title="bbox 416 1704 1432 1805; baseline 0.001 -29"><span class='ocrx_word' id='word_1_52' title='bbox 416 1733 486 1778; x_wconf 91' lang='grc' dir='ltr'>ιιοιι</span> <span class='ocrx_word' id='word_1_53' title='bbox 502 1713 602 1803; x_wconf 78' lang='lat' dir='ltr'>parvi</span> <span class='ocrx_word' id='word_1_54' title='bbox 617 1704 821 1776; x_wconf 82' lang='lat' dir='ltr'>habendam</span> <span class='ocrx_word' id='word_1_55' title='bbox 837 1728 923 1789; x_wconf 89' lang='lat' dir='ltr'>esse,</span> <span class='ocrx_word' id='word_1_56' title='bbox 939 1704 1155 1802; x_wconf 85' lang='lat' dir='ltr'>providique</span> <span class='ocrx_word' id='word_1_57' title='bbox 1176 1712 1334 1776; x_wconf 87' lang='lat' dir='ltr'>numinis</span> <span class='ocrx_word' id='word_1_58' title='bbox 1357 1733 1432 1805; x_wconf 81' lang='lat' dir='ltr'>par-</span> 
     </span>
     <span class='ocr_line' id='line_1_11' title="bbox 416 1827 1466 1929; baseline -0.001 -27"><span class='ocrx_word' id='word_1_59' title='bbox 416 1849 467 1902; x_wconf 85' lang='lat' dir='ltr'>tes</span> <span class='ocrx_word' id='word_1_60' title='bbox 485 1847 519 1901; x_wconf 88' lang='lat' dir='ltr'>et</span> <span class='ocrx_word' id='word_1_61' title='bbox 539 1833 755 1929; x_wconf 85' lang='lat' dir='ltr'>provinciam</span> <span class='ocrx_word' id='word_1_62' title='bbox 770 1827 960 1926; x_wconf 77' lang='lat' dir='ltr'>diligenter</span> <span class='ocrx_word' id='word_1_63' title='bbox 975 1828 1237 1901; x_wconf 80' lang='lat' dir='ltr'>describendas.</span> <span class='ocrx_word' id='word_1_64' title='bbox 1253 1834 1310 1901; x_wconf 83' lang='lat' dir='ltr'>stc</span> <span class='ocrx_word' id='word_1_65' title='bbox 1325 1831 1432 1901; x_wconf 88' lang='lat' dir='ltr'>histo·</span> <span class='ocrx_word' id='word_1_66' title='bbox 1463 1858 1466 1865; x_wconf 80' lang='grc'><strong>’</strong></span> 
     </span>
    </p>
   </div>
   <div class='ocr_carea' id='block_1_3' title="bbox 416 1935 1432 2050">
    <p class='ocr_par' dir='ltr' id='par_1_3' title="bbox 416 1935 1432 2050">
     <span class='ocr_line' id='line_1_12' title="bbox 416 1935 1432 2050; baseline -0.002 -23"><span class='ocrx_word' id='word_1_67' title='bbox 416 1963 517 2042; x_wconf 81' lang='lat' dir='ltr'>riam,</span> <span class='ocrx_word' id='word_1_68' title='bbox 537 1980 671 2025; x_wconf 85' lang='lat' dir='ltr'>novum</span> <span class='ocrx_word' id='word_1_69' title='bbox 686 1954 867 2025; x_wconf 79' lang='lat' dir='ltr'>scribendi</span> <span class='ocrx_word' id='word_1_70' title='bbox 885 1935 1301 2050; x_wconf 51' lang='lat' dir='ltr'>genus‚&#39;saluberriminn</span> <span class='ocrx_word' id='word_1_71' title='bbox 1315 1962 1350 2026; x_wconf 89' lang='lat' dir='ltr'>in</span> <span class='ocrx_word' id='word_1_72' title='bbox 1369 1955 1432 2025; x_wconf 90' lang='lat' dir='ltr'>do·</span> 
     </span>
    </p>
   </div>
   <div class='ocr_carea' id='block_1_4' title="bbox 392 2079 1454 4159">
    <p class='ocr_par' dir='ltr' id='par_1_4' title="bbox 392 2079 1454 4159">
     <span class='ocr_line' id='line_1_13' title="bbox 415 2079 1429 2175; baseline -0.003 -23"><span class='ocrx_word' id='word_1_73' title='bbox 415 2096 623 2152; x_wconf 86' lang='lat' dir='ltr'>cumeutum</span> <span class='ocrx_word' id='word_1_74' title='bbox 650 2086 775 2167; x_wconf 87' lang='lat' dir='ltr'>vertit,</span> <span class='ocrx_word' id='word_1_75' title='bbox 803 2105 919 2175; x_wconf 86' lang='lat' dir='ltr'>eaque</span> <span class='ocrx_word' id='word_1_76' title='bbox 943 2079 988 2149; x_wconf 89' lang='lat' dir='ltr'>ad</span> <span class='ocrx_word' id='word_1_77' title='bbox 1015 2079 1178 2149; x_wconf 87' lang='lat' dir='ltr'>homines</span> <span class='ocrx_word' id='word_1_78' title='bbox 1208 2080 1429 2164; x_wconf 86' lang='lat' dir='ltr'>edocendos,</span> 
     </span>
     <span class='ocr_line' id='line_1_14' title="bbox 414 2195 1431 2301; baseline -0.002 -26"><span class='ocrx_word' id='word_1_79' title='bbox 414 2222 459 2293; x_wconf 90' lang='lat' dir='ltr'>et,</span> <span class='ocrx_word' id='word_1_80' title='bbox 473 2206 517 2276; x_wconf 85' lang='lat' dir='ltr'>ad</span> <span class='ocrx_word' id='word_1_81' title='bbox 538 2231 654 2276; x_wconf 80' lang='lat' dir='ltr'>moues</span> <span class='ocrx_word' id='word_1_82' title='bbox 671 2195 936 2289; x_wconf 82' lang='lat' dir='ltr'>informandos,</span> <span class='ocrx_word' id='word_1_83' title='bbox 950 2203 985 2273; x_wconf 88' lang='lat' dir='ltr'>id</span> <span class='ocrx_word' id='word_1_84' title='bbox 1000 2203 1098 2299; x_wconf 92' lang='lat' dir='ltr'>quod</span> <span class='ocrx_word' id='word_1_85' title='bbox 1114 2208 1246 2301; x_wconf 88' lang='lat' dir='ltr'>cuique</span> <span class='ocrx_word' id='word_1_86' title='bbox 1259 2205 1431 2275; x_wconf 86' lang='lat' dir='ltr'>historico</span> 
     </span>
     <span class='ocr_line' id='line_1_15' title="bbox 415 2328 1429 2427; baseline -0.001 -30"><span class='ocrx_word' id='word_1_87' title='bbox 415 2328 664 2426; x_wconf 83' lang='lat' dir='ltr'>spectandum,</span> <span class='ocrx_word' id='word_1_88' title='bbox 681 2328 848 2423; x_wconf 80' lang='lat' dir='ltr'>piaeciare</span> <span class='ocrx_word' id='word_1_89' title='bbox 864 2353 950 2397; x_wconf 91' lang='lat' dir='ltr'>usus</span> <span class='ocrx_word' id='word_1_90' title='bbox 967 2342 1032 2396; x_wconf 75' lang='lat' dir='ltr'>est.</span> <span class='ocrx_word' id='word_1_91' title='bbox 1049 2328 1196 2398; x_wconf 76' lang='lat' dir='ltr'>Nullum</span> <span class='ocrx_word' id='word_1_92' title='bbox 1208 2328 1319 2399; x_wconf 84' lang='lat' dir='ltr'>alium</span> <span class='ocrx_word' id='word_1_93' title='bbox 1333 2329 1429 2427; x_wconf 92' lang='lat' dir='ltr'>apud</span> 
     </span>
     <span class='ocr_line' id='line_1_16' title="bbox 415 2452 1454 2549; baseline -0.002 -26"><span class='ocrx_word' id='word_1_94' title='bbox 415 2458 584 2548; x_wconf 85' lang='lat' dir='ltr'>antiquos</span> <span class='ocrx_word' id='word_1_95' title='bbox 599 2476 718 2519; x_wconf 76' lang='lat' dir='ltr'>rerum</span> <span class='ocrx_word' id='word_1_96' title='bbox 733 2455 945 2546; x_wconf 78' lang='lat' dir='ltr'>scriptorem</span> <span class='ocrx_word' id='word_1_97' title='bbox 967 2455 1135 2537; x_wconf 78' lang='lat' dir='ltr'>invenias,</span> <span class='ocrx_word' id='word_1_98' title='bbox 1153 2457 1215 2547; x_wconf 92' lang='lat' dir='ltr'>qui</span> <span class='ocrx_word' id='word_1_99' title='bbox 1234 2452 1330 2547; x_wconf 84' lang='lat' dir='ltr'>leges</span> <span class='ocrx_word' id='word_1_100' title='bbox 1348 2478 1454 2549; x_wconf 76' lang='lat' dir='ltr'>prm--</span> 
     </span>
     <span class='ocr_line' id='line_1_17' title="bbox 415 2573 1432 2674; baseline -0.003 -26"><span class='ocrx_word' id='word_1_101' title='bbox 415 2592 591 2674; x_wconf 76' lang='lat' dir='ltr'>ceptoque</span> <span class='ocrx_word' id='word_1_102' title='bbox 610 2574 696 2645; x_wconf 85' lang='lat' dir='ltr'>boni</span> <span class='ocrx_word' id='word_1_103' title='bbox 722 2589 757 2644; x_wconf 89' lang='lat' dir='ltr'>et</span> <span class='ocrx_word' id='word_1_104' title='bbox 785 2573 923 2644; x_wconf 87' lang='lat' dir='ltr'>honesti</span> <span class='ocrx_word' id='word_1_105' title='bbox 942 2574 1033 2646; x_wconf 87' lang='lat' dir='ltr'>adeo</span> <span class='ocrx_word' id='word_1_106' title='bbox 1051 2590 1134 2673; x_wconf 87' lang='lat' dir='ltr'>apte</span> <span class='ocrx_word' id='word_1_107' title='bbox 1154 2575 1432 2650; x_wconf 81' lang='lat' dir='ltr'>accommodarit</span> 
     </span>
     <span class='ocr_line' id='line_1_18' title="bbox 414 2679 1432 2796; baseline 0 -26"><span class='ocrx_word' id='word_1_108' title='bbox 414 2701 456 2771; x_wconf 86' lang='lat' dir='ltr'>ad</span> <span class='ocrx_word' id='word_1_109' title='bbox 471 2701 672 2784; x_wconf 77' lang='lat' dir='ltr'>historiam,</span> <span class='ocrx_word' id='word_1_110' title='bbox 687 2702 825 2792; x_wconf 86' lang='lat' dir='ltr'>quique</span> <span class='ocrx_word' id='word_1_111' title='bbox 836 2697 920 2767; x_wconf 87' lang='lat' dir='ltr'>deos</span> <span class='ocrx_word' id='word_1_112' title='bbox 932 2697 984 2767; x_wconf 83' lang='lat' dir='ltr'>vel</span> <span class='ocrx_word' id='word_1_113' title='bbox 997 2679 1178 2770; x_wconf 82' lang='lat' dir='ltr'>numenio</span> <span class='ocrx_word' id='word_1_114' title='bbox 1191 2724 1319 2796; x_wconf 82' lang='lat' dir='ltr'>genere</span> <span class='ocrx_word' id='word_1_115' title='bbox 1332 2714 1432 2770; x_wconf 87' lang='lat' dir='ltr'>tauto</span> 
     </span>
     <span class='ocr_line' id='line_1_19' title="bbox 414 2823 1430 2916; baseline -0.001 -21"><span class='ocrx_word' id='word_1_116' title='bbox 414 2851 497 2896; x_wconf 90' lang='lat' dir='ltr'>cum</span> <span class='ocrx_word' id='word_1_117' title='bbox 521 2823 795 2904; x_wconf 80' lang='lat' dir='ltr'>oblectamento,</span> <span class='ocrx_word' id='word_1_118' title='bbox 814 2837 986 2916; x_wconf 86' lang='lat' dir='ltr'>tantaque</span> <span class='ocrx_word' id='word_1_119' title='bbox 1010 2848 1092 2894; x_wconf 88' lang='lat' dir='ltr'>cum</span> <span class='ocrx_word' id='word_1_120' title='bbox 1118 2824 1284 2910; x_wconf 78' lang='lat' dir='ltr'>utilitate,</span> <span class='ocrx_word' id='word_1_121' title='bbox 1303 2832 1337 2894; x_wconf 91' lang='lat' dir='ltr'>in</span> <span class='ocrx_word' id='word_1_122' title='bbox 1356 2849 1430 2896; x_wconf 84' lang='lat' dir='ltr'>sce—</span> 
     </span>
     <span class='ocr_line' id='line_1_20' title="bbox 414 2945 1429 3046; baseline -0.002 -26"><span class='ocrx_word' id='word_1_123' title='bbox 414 2974 494 3020; x_wconf 88' lang='lat' dir='ltr'>nam</span> <span class='ocrx_word' id='word_1_124' title='bbox 517 2953 655 3046; x_wconf 79' lang='lat' dir='ltr'>agentia</span> <span class='ocrx_word' id='word_1_125' title='bbox 679 2963 795 3044; x_wconf 74' lang='lat' dir='ltr'>[metes</span> <span class='ocrx_word' id='word_1_126' title='bbox 817 2945 1037 3043; x_wconf 78' lang='lat' dir='ltr'>produxerit.</span> <span class='ocrx_word' id='word_1_127' title='bbox 1057 2949 1166 3038; x_wconf 89' lang='lat' dir='ltr'>Quod</span> <span class='ocrx_word' id='word_1_128' title='bbox 1182 2954 1209 3018; x_wconf 88' lang='lat' dir='ltr'>si</span> <span class='ocrx_word' id='word_1_129' title='bbox 1231 2953 1266 3018; x_wconf 90' lang='lat' dir='ltr'>in</span> <span class='ocrx_word' id='word_1_130' title='bbox 1284 2949 1429 3020; x_wconf 81' lang='lat' dir='ltr'>historia</span> 
     </span>
     <span class='ocr_line' id='line_1_21' title="bbox 415 3068 1430 3170; baseline 0.001 -27"><span class='ocrx_word' id='word_1_131' title='bbox 415 3075 506 3144; x_wconf 85' lang='lat' dir='ltr'>hanc</span> <span class='ocrx_word' id='word_1_132' title='bbox 530 3073 729 3167; x_wconf 81' lang='lat' dir='ltr'>reiigiosam</span> <span class='ocrx_word' id='word_1_133' title='bbox 761 3068 1028 3168; x_wconf 84' lang='lat' dir='ltr'>philosophiam</span> <span class='ocrx_word' id='word_1_134' title='bbox 1056 3072 1248 3168; x_wconf 76' lang='lat' dir='ltr'>perfectam</span> <span class='ocrx_word' id='word_1_135' title='bbox 1276 3081 1430 3170; x_wconf 72' lang='lat' dir='ltr'>seperire</span> 
     </span>
     <span class='ocr_line' id='line_1_22' title="bbox 415 3196 1430 3292; baseline 0.002 -26"><span class='ocrx_word' id='word_1_136' title='bbox 415 3197 511 3283; x_wconf 59' lang='lat' dir='ltr'>velis</span> <span class='ocrx_word' id='word_1_137' title='bbox 540 3196 681 3291; x_wconf 86' lang='lat' dir='ltr'>longam</span> <span class='ocrx_word' id='word_1_138' title='bbox 711 3210 791 3292; x_wconf 89' lang='lat' dir='ltr'>post</span> <span class='ocrx_word' id='word_1_139' title='bbox 819 3219 996 3264; x_wconf 79' lang='lat' dir='ltr'>annorum</span> <span class='ocrx_word' id='word_1_140' title='bbox 1024 3199 1164 3285; x_wconf 81' lang='lat' dir='ltr'>seriem,</span> <span class='ocrx_word' id='word_1_141' title='bbox 1192 3201 1223 3269; x_wconf 88' lang='lat' dir='ltr'>S.</span> <span class='ocrx_word' id='word_1_142' title='bbox 1249 3200 1282 3266; x_wconf 86' lang='lat' dir='ltr'>S.</span> <span class='ocrx_word' id='word_1_143' title='bbox 1311 3203 1430 3270; x_wconf 76' lang='lat' dir='ltr'>Patres</span> 
     </span>
     <span class='ocr_line' id='line_1_23' title="bbox 410 3319 1428 3418; baseline -0.002 -29"><span class='ocrx_word' id='word_1_144' title='bbox 410 3319 653 3414; x_wconf 82' lang='lat' dir='ltr'>doctoresque.</span> <span class='ocrx_word' id='word_1_145' title='bbox 676 3319 839 3388; x_wconf 63' lang='lat' dir='ltr'>Ecclesia*</span> <span class='ocrx_word' id='word_1_146' title='bbox 874 3325 1115 3415; x_wconf 81' lang='lat' dir='ltr'>Augustinus,</span> <span class='ocrx_word' id='word_1_147' title='bbox 1150 3325 1428 3418; x_wconf 74' lang='lat' dir='ltr'>Bossuetiusqut·¹</span> 
     </span>
     <span class='ocr_line' id='line_1_24' title="bbox 412 3441 1429 3544; baseline 0.007 -33"><span class='ocrx_word' id='word_1_148' title='bbox 412 3471 445 3512; x_wconf 94' lang='grc' dir='ltr'>ιιι</span> <span class='ocrx_word' id='word_1_149' title='bbox 465 3447 591 3540; x_wconf 80' lang='lat' dir='ltr'>primis</span> <span class='ocrx_word' id='word_1_150' title='bbox 607 3457 712 3512; x_wconf 82' lang='lat' dir='ltr'>eruut</span> <span class='ocrx_word' id='word_1_151' title='bbox 731 3441 900 3512; x_wconf 85' lang='lat' dir='ltr'>adeuudi.</span> <span class='ocrx_word' id='word_1_152' title='bbox 923 3448 961 3512; x_wconf 83' lang='lat' dir='ltr'>lu</span> <span class='ocrx_word' id='word_1_153' title='bbox 983 3442 1036 3511; x_wconf 88' lang='lat' dir='ltr'>his</span> <span class='ocrx_word' id='word_1_154' title='bbox 1055 3450 1210 3514; x_wconf 71' lang='lat' dir='ltr'>veritatis</span> <span class='ocrx_word' id='word_1_155' title='bbox 1228 3471 1350 3516; x_wconf 88' lang='lat' dir='ltr'>seusus</span> <span class='ocrx_word' id='word_1_156' title='bbox 1365 3473 1429 3544; x_wconf 89' lang='lat' dir='ltr'>pu·</span> 
     </span>
     <span class='ocr_line' id='line_1_25' title="bbox 412 3565 1428 3660; baseline 0.005 -24"><span class='ocrx_word' id='word_1_157' title='bbox 412 3571 496 3651; x_wconf 77' lang='lat' dir='ltr'>tior,</span> <span class='ocrx_word' id='word_1_158' title='bbox 513 3567 643 3636; x_wconf 77' lang='lat' dir='ltr'>horum</span> <span class='ocrx_word' id='word_1_159' title='bbox 667 3571 807 3634; x_wconf 86' lang='lat' dir='ltr'>animus</span> <span class='ocrx_word' id='word_1_160' title='bbox 828 3565 1047 3660; x_wconf 75' lang='lat' dir='ltr'>gentilitatis,</span> <span class='ocrx_word' id='word_1_161' title='bbox 1067 3584 1105 3637; x_wconf 89' lang='lat' dir='ltr'>ut</span> <span class='ocrx_word' id='word_1_162' title='bbox 1123 3568 1276 3654; x_wconf 79' lang='lat' dir='ltr'>aiebant,</span> <span class='ocrx_word' id='word_1_163' title='bbox 1298 3579 1428 3642; x_wconf 75' lang='lat' dir='ltr'>errori-</span> 
     </span>
     <span class='ocr_line' id='line_1_26' title="bbox 410 3680 1425 3788; baseline 0.001 -26"><span class='ocrx_word' id='word_1_164' title='bbox 410 3692 477 3763; x_wconf 86' lang='lat' dir='ltr'>bus</span> <span class='ocrx_word' id='word_1_165' title='bbox 495 3680 725 3788; x_wconf 78' lang='lat' dir='ltr'>expuigutus,</span> <span class='ocrx_word' id='word_1_166' title='bbox 740 3715 759 3760; x_wconf 85' lang='lat' dir='ltr'>a</span> <span class='ocrx_word' id='word_1_167' title='bbox 776 3691 849 3762; x_wconf 84' lang='lat' dir='ltr'>soia</span> <span class='ocrx_word' id='word_1_168' title='bbox 866 3690 1089 3762; x_wconf 75' lang='lat' dir='ltr'>Providentia</span> <span class='ocrx_word' id='word_1_169' title='bbox 1106 3691 1203 3764; x_wconf 89' lang='lat' dir='ltr'>hunc</span> <span class='ocrx_word' id='word_1_170' title='bbox 1219 3699 1425 3766; x_wconf 79' lang='lat' dir='ltr'>universum</span> 
     </span>
     <span class='ocr_line' id='line_1_27' title="bbox 408 3813 1429 3912; baseline -0.004 -27"><span class='ocrx_word' id='word_1_171' title='bbox 408 3816 533 3885; x_wconf 77' lang='lat' dir='ltr'>orbem</span> <span class='ocrx_word' id='word_1_172' title='bbox 562 3829 597 3882; x_wconf 84' lang='lat' dir='ltr'>et</span> <span class='ocrx_word' id='word_1_173' title='bbox 624 3838 736 3909; x_wconf 83' lang='lat' dir='ltr'>genus</span> <span class='ocrx_word' id='word_1_174' title='bbox 766 3813 964 3884; x_wconf 91' lang='lat' dir='ltr'>humanum</span> <span class='ocrx_word' id='word_1_175' title='bbox 995 3821 1119 3902; x_wconf 79' lang='lat' dir='ltr'>creari,</span> <span class='ocrx_word' id='word_1_176' title='bbox 1147 3813 1205 3901; x_wconf 82' lang='lat' dir='ltr'>aii,</span> <span class='ocrx_word' id='word_1_177' title='bbox 1233 3817 1429 3912; x_wconf 80' lang='lat' dir='ltr'>gubernari.</span> 
     </span>
     <span class='ocr_line' id='line_1_28' title="bbox 392 3930 1425 4034; baseline 0.005 -28"><span class='ocrx_word' id='word_1_178' title='bbox 392 3930 587 4034; x_wconf 79' lang='lat' dir='ltr'>agnoscit,</span> <span class='ocrx_word' id='word_1_179' title='bbox 611 3962 750 4007; x_wconf 90' lang='lat' dir='ltr'>uecuon</span> <span class='ocrx_word' id='word_1_180' title='bbox 781 3963 929 4006; x_wconf 62' lang='lat' dir='ltr'>suu‘nuae</span> <span class='ocrx_word' id='word_1_181' title='bbox 953 3936 1048 4007; x_wconf 81' lang='lat' dir='ltr'>iliius</span> <span class='ocrx_word' id='word_1_182' title='bbox 1076 3944 1257 4034; x_wconf 83' lang='lat' dir='ltr'>sapientiae</span> <span class='ocrx_word' id='word_1_183' title='bbox 1283 3940 1425 4011; x_wconf 79' lang='lat' dir='ltr'>decreta</span> 
     </span>
     <span class='ocr_line' id='line_1_29' title="bbox 408 4060 1420 4159; baseline -0.001 -27"><span class='ocrx_word' id='word_1_184' title='bbox 408 4066 571 4132; x_wconf 74' lang='lat' dir='ltr'>rimatur·</span> <span class='ocrx_word' id='word_1_185' title='bbox 587 4061 780 4149; x_wconf 81' lang='lat' dir='ltr'>interdum,</span> <span class='ocrx_word' id='word_1_186' title='bbox 805 4076 838 4130; x_wconf 83' lang='lat' dir='ltr'>et</span> <span class='ocrx_word' id='word_1_187' title='bbox 863 4060 1051 4158; x_wconf 86' lang='lat' dir='ltr'>magnifice</span> <span class='ocrx_word' id='word_1_188' title='bbox 1078 4061 1242 4159; x_wconf 79' lang='lat' dir='ltr'>explicat.</span> <span class='ocrx_word' id='word_1_189' title='bbox 1262 4063 1370 4153; x_wconf 80' lang='lat' dir='ltr'>Quod</span> <span class='ocrx_word' id='word_1_190' title='bbox 1394 4069 1420 4132; x_wconf 90' lang='lat' dir='ltr'>si</span> 
     </span>
    </p>
   </div>
   <div class='ocr_carea' id='block_1_5' title="bbox 0 0 1746 5225">
    <p class='ocr_par' dir='ltr' id='par_1_5' title="bbox 0 0 1746 5225">
     <span class='ocr_line' id='line_1_30' title="bbox 0 0 1746 5225; baseline 0 2"><span class='ocrx_word' id='word_1_191' title='bbox 0 0 1746 5225; x_wconf 95' lang='lat' dir='ltr'> </span> 
     </span>
    </p>
   </div>
  </div>
 </body>
</html>
