3484 5225
830 634 986 689 ..μ-

400 764 570 839 tudinem
580 769 733 837 miratus
746 767 822 833 vitae
837 767 974 835 veniam
992 758 1112 852 ‹ledit3
1127 780 1158 835 et
1172 778 1297 857 quum
1312 768 1417 835 Ince·

399 890 820 973 daemonem'rediissent,
829 894 857 959 T
857 888 1010 985 aithybii
1025 890 1232 987 implacata
1245 905 1306 959 est.
1319 894 1421 984 AEgre

400 1015 471 1088 fert
497 1022 650 1104 animus,
678 1038 820 1085 tuorum
836 1014 1073 1097 'sanctitatem
1097 1012 1225 1085 uidene
1245 1013 1315 1084 hoc
1340 1014 1429 1084 ioco

401 1154 439 1220 in
456 1149 753 1247 superstititione'
765 1148 931 1245 positam.
945 1126 1156 1242 'Nunquam
1180 1148 1276 1215 enim
1295 1146 1422 1217 ueritus

401 1276 517 1344 errori
545 1266 658 1344 mixta
680 1269 835 1370 proficit.
866 1250 966 1362 Quid
993 1270 1132 1368 plura?
1150 1268 1358 1341 Herodotus
1386 1285 1421 1341 et

400 1401 558 1471 universi
571 1402 685 1469 Graeci
706 1396 763 1467 his
783 1394 1018 1495 opinionibus
1036 1394 1275 1494 praejudicatis
1292 1394 1422 1467 imbuti
1529 1491 1531 1493 -

401 1537 516 1610 eraut,
530 1546 621 1618 quas
640 1546 764 1592 omnes
782 1544 994 1593 conservare
1012 1519 1168 1590 historiae
1182 1534 1246 1591 est.

428 1653 436 1665 '
451 1645 659 1719 Herodotus
672 1646 822 1744 quidem
845 1657 989 1744 semper
1004 1659 1087 1717 ante
1101 1644 1228 1717 oculos
1242 1642 1333 1717 illud
1356 1642 1420 1717 ha·

402 1772 523 1845 buiss'e
539 1770 695 1863 videtur,
714 1772 815 1869 quod
831 1776 953 1870 Gyges
971 1765 1143 1845 Candauii
1160 1775 1234 1869 regi
1252 1775 1291 1858 in·
1304 1784 1422 1843 tenta·

403 1902 512 1969 tionis
527 1896 822 1991 discrimen'eum
833 1891 1018 1969 inducenti
1032 1895 1201 1995 praeclare
1216 1894 1421 1995 respondit:

406 2053 424 2090 e
441 2028 520 2094 Jam
532 2023 619 2093 olim
632 2021 842 2094 horninibus
851 2036 935 2093 sunt
945 2021 1095 2093 honesta
1104 2027 1312 2119 excogitata,
1327 2018 1423 2093 und'e

406 2146 579 2220 «discere
603 2146 779 2220 debe'mus
801 2145 891 2243 quid
909 2144 1112 2217 faciendum
1135 2150 1179 2217 sit
1198 2172 1207 2217 z
1224 2170 1268 2217 cx
1289 2144 1424 2243 quibus

406 2302 425 2340 e
445 2273 516 2344 hoc
531 2298 648 2344 unum
662 2287 715 2344 est
736 2298 818 2369 quae
838 2252 903 2343 sua
929 2266 1017 2359 sint,
1040 2294 1225 2367 quemque
1247 2273 1425 2370 inspicere

404 2424 422 2460 α
442 2394 577 2469 dehere
604 2406 632 2466 ¹.
655 2427 672 2463 >2
696 2401 810 2470 Suum
830 2402 990 2493 cuique:
1016 2422 1060 2467 en
1073 2395 1187 2494 legem
1214 2420 1421 2495 supremam

405 2544 517 2619 quam
553 2521 744 2593 hominum
771 2522 1070 2622 populorumque
1094 2527 1189 2594 inter
1218 2546 1295 2593 sese
1322 2546 1421 2593 com·

406 2652 668 2719 municantium
679 2649 868 2746 nunquam
878 2645 952 2720 non
962 2647 1087 2720 sedere
1098 2653 1134 2718 in
1148 2651 1270 2724 animo
1280 2671 1423 2720 necesse
1494 2685 1496 2690 ·

407 2770 612 2844 est.Eadem
622 2797 734 2872 porro
746 2778 885 2845 ratione
893 2771 1313 2874 Herodotusprincipum
1327 2772 1425 2874 apud

407 2901 566 2969 civitates
577 2906 709 2996 grecas
720 2914 784 2970 aut
797 2897 970 2972 barbaras
982 2875 1146 2972 nationes
1159 2914 1257 2997 gesta
1265 2899 1426 2996 judicat,

406 3041 524 3119 quaea
550 3029 680 3120 quovis
693 3029 730 3095 in
743 3023 879 3112 bonam
898 3023 1072 3096 malamve
1086 3012 1227 3124 'partem
1245 3022 1343 3100 facta
1356 3029 1426 3095 sint

407 3148 601 3220 narrando.
617 3149 758 3222 Scilicet
774 3149 1035 3241 Alcmaeonidae,
1053 3171 1140 3248 gens
1152 3149 1426 3222 Atheniensium

409 3272 674 3364 illustrissima,
713 3300 830 3372 quum
867 3252 1129 3348 ¹accusarentur
1171 3273 1273 3374 quod
1313 3278 1427 3344 Persis

410 3413 491 3496 post
526 3382 688 3498 pugnam
709 3400 975 3474 Marathoniam
1002 3388 1159 3472 Athenas
1186 3402 1428 3498 irrumpenti-

409 3520 480 3594 bus
498 3523 626 3623 ciypeo
652 3524 797 3619 sublato
814 3526 882 3623 (id
903 3532 996 3597 inter
1011 3530 1108 3624 ipsos
1129 3539 1165 3596 et
1187 3524 1363 3598 Barbaros
1385 3529 1429 3596 si·

410 3667 524 3742 gnum
541 3648 782 3744 convenerat)
800 3648 936 3721 auxilio
950 3648 1110 3744 inissent.
1135 3647 1342 3720 Herodotus
1359 3658 1372 3691 ²
1388 3659 1430 3716 ut

410 3797 456 3843 eo
470 3777 619 3845 crimine
635 3789 819 3846 accusatos
836 3773 1028 3862 liberaret,
1045 3771 1305 3844 Alcmaeonidas
1320 3770 1431 3842 iiber·

412 3901 493 3968 tatis
509 3897 630 3969 studio
648 3923 689 3970 ac
711 3914 949 3995 tyrannorum
972 3897 1057 3969 odio
1075 3897 1283 3994 flagrantes,
1306 3895 1352 3968 ad
1368 3898 1432 3964 Pi-

442 4109 449 4133 ¹
469 4101 539 4159 Her„
558 4113 578 4161 r,
597 4104 621 4149 8.

444 4194 452 4220 ²
472 4193 520 4249 id,
540 4206 577 4253 rr,
599 4197 651 4256 115,
672 4197 712 4243 tat
728 4204 752 4246 ct
767 4212 822 4260 sqq.
842 4202 846 4208 '
