3484 5225
820 566 860 580 -.
881 538 920 597 26
942 567 979 579 ..-

395 668 610 773 valediceret
626 692 711 745 eum
729 672 857 765 coegit.
887 664 995 759 Quod
1013 663 1147 739 factum
1170 664 1297 765 paucis
1314 666 1415 743 dun-

394 809 491 870 taxat
519 793 671 867 relatum
703 790 859 865 aSuida
889 795 1085 865 maximum
1118 794 1258 869 auctori
1288 806 1413 863 nostro

392 920 570 997 honorem
587 914 699 991 affert.
714 896 822 988 ¹Juvat
835 918 952 1004 enim,
974 929 1016 986 ut
1032 919 1081 987 ait
1099 919 1153 983 vir
1174 928 1278 989 aetate
1291 931 1415 989 nostra

393 1042 621 1113 doctissimus
647 1050 673 1129 ¹,
687 1041 791 1136 juvat
812 1036 937 1109 videre
951 1064 1013 1109 eos
1032 1044 1099 1135 qui
1113 1038 1271 1127 litteras,
1288 1045 1326 1110 in
1342 1044 1416 1137 pri·

393 1170 534 1264 misque
561 1164 749 1238 historiam
782 1162 930 1254 colunt,
958 1161 1132 1235 libertatis
1163 1187 1313 1259 quoque
1345 1188 1413 1261 pu·

395 1291 497 1362 blicac
515 1289 693 1376 cultores,
710 1289 889 1385 jurisque,
914 1286 1015 1386 quod
1033 1286 1203 1359 omnihus
1219 1312 1412 1361 commune

392 1439 468 1485 esse
494 1412 603 1486 dehet
617 1465 628 1504 ,
657 1410 816 1489 fautores
843 1436 929 1483 esse.
960 1411 1057 1503 Quid
1083 1437 1168 1485 sane
1193 1410 1337 1483 dulcius
1362 1427 1415 1483 est
1507 1486 1511 1493 ,

394 1562 505 1635 quam
519 1536 643 1609 videre
661 1540 781 1607 virum
797 1541 896 1606 omni
914 1538 1048 1631 ingenii
1063 1534 1171 1640 laude
1189 1535 1415 1613 cumulatum.

394 1687 554 1757 eumque
597 1660 756 1732 historiae
795 1674 954 1757 patrem,
997 1665 1121 1759 patria>
1160 1659 1412 1749 liberatorem,

395 1790 567 1883 omnique
596 1787 843 1881 usurpationis
865 1790 989 1881 generi
1014 1788 1194 1877 ,exstitisse
1215 1789 1413 1861 inimicissi-

395 1911 517 1981 mum?
543 1912 633 2000 Quis
650 1914 748 1979 enim
766 1913 803 1978 in
816 1907 927 1982 rebus
941 1907 986 1979 ab
1003 1907 1190 1979 Herodoto
1204 1907 1259 1981 vel
1276 1913 1416 2006 scriptis

353 2011 355 2016 ,
395 2033 452 2104 vel
467 2038 573 2130 gestis
587 2057 712 2103 verum
734 2031 892 2103 historiae
906 2038 1052 2131 genium
1068 2036 1260 2131 respirasse
1277 2031 1415 2105 inficias

393 2155 485 2230 ibit?

444 2285 518 2372 Qui
541 2307 657 2378 quum
688 2282 745 2352 his
764 2281 969 2380 probatus,
994 2286 1190 2380 patriaeque
1224 2282 1416 2357 liberandae

394 2431 457 2503 spe
473 2403 644 2503 deceptus
655 2419 768 2495 esset,
786 2418 905 2476 totum
923 2430 959 2477 se
974 2405 1076 2477 dedit
1090 2405 1235 2497 studiis,
1255 2432 1414 2504 quorum

394 2529 555 2603 fructum
573 2534 611 2599 in
627 2528 716 2601 alios
732 2533 883 2628 quoque
904 2528 1108 2603 redundare
1130 2556 1273 2603 summo
1288 2530 1416 2604 ardore

394 2654 586 2757 cupiebat,
618 2655 879 2752 historiamque
908 2662 1114 2754 composuit
1138 2657 1270 2729 harum
1293 2683 1414 2732 rerum

394 2778 529 2876 quibus
554 2777 628 2850 fere
653 2783 753 2849 testis
774 2777 954 2867 adfuerat,
973 2786 1145 2877 gravitate
1170 2787 1290 2879 operis
1314 2781 1413 2879 quod

394 2901 672 3002 aggrediebatur
691 2907 935 3001 maximopere
947 2903 1123 2978 imbutus.
1134 2904 1234 2978 Vidit
1249 2910 1359 2995 enim,
1378 2913 1414 2978 in

396 3031 438 3098 iis
453 3054 533 3124 quae
552 3042 760 3127 temporum
780 3052 946 3098 successu
968 3028 1084 3116 frunt,
1103 3044 1140 3100 et
1154 3029 1346 3132 hominum
1364 3035 1411 3101 io·

396 3166 530 3224 certam
551 3150 735 3221 libidinem
757 3166 791 3221 et
810 3150 870 3222 lati
895 3150 1093 3224 deorumve
1110 3153 1263 3251 rigidam
1284 3155 1411 3227 volun·

396 3289 505 3347 tatem
522 3278 626 3371 quasi
643 3279 736 3346 inter
754 3299 829 3346 sese
853 3274 974 3373 praelia
988 3280 1196 3368 miscentem
1212 3304 1231 3348 e
1248 3306 1324 3375 quo
1341 3305 1415 3354 cer·

380 3405 527 3492 ,tamine
558 3399 660 3473 utilia
689 3405 728 3470 in
755 3404 866 3472 vitam
889 3426 1122 3478 communem
1146 3419 1327 3502 praecepta
1352 3404 1413 3475 dc·

394 3529 557 3621 sumpsit.
588 3528 657 3595 Pro
686 3549 729 3594 eo
756 3530 854 3596 enim
884 3551 959 3621 quo
986 3525 1192 3598 Herodotus
1221 3543 1415 3628 prospectu

395 3673 452 3719 res
462 3647 639 3721 humanas
649 3647 841 3742 obruetur,
858 3654 1015 3720 minimae
1029 3675 1183 3747 quaeque
1201 3677 1293 3751 saepe
1304 3657 1416 3727 maxi-

396 3797 498 3846 mum
522 3771 656 3846 habent
674 3789 920 3863 momentum,
937 3789 980 3846 ut
995 3801 1076 3871 quae
1096 3776 1254 3850 hominis
1274 3803 1416 3875 semper

394 3903 527 3995 agentis
553 3913 589 3968 et
616 3897 812 3970 obstaculis
836 3897 1054 3972 adversantis
1080 3904 1274 3998 imaginem
1296 3907 1416 4000 expri-

428 4087 436 4112 ¹
454 4078 576 4142 Daunou,
593 4077 672 4130 Cours
687 4067 810 4129 d'titudes
823 4077 895 4140 hist,
904 4059 969 4139 vni,
981 4092 1004 4142 p.
1015 4081 1058 4128 27.
