3484 5225
138 4488 144 4645 t

138 4650 145 4711 l
240 4715 244 4723 .

766 609 927 662 ..57-

332 738 397 831 qui
417 733 597 828 dementia
621 748 744 833 captos
765 748 800 805 et
815 732 1020 833 'prudentiae
1041 734 1267 823 adversantes
1292 727 1353 807 de·

329 864 459 949 sertt13
485 884 531 930 an
560 858 621 929 hie
644 865 720 957 ipse
745 857 804 928 ille
828 862 927 929 Deus
952 864 997 929 sit
1015 864 1101 955 qui,
1120 858 1355 957 intelligentia

332 1008 491 1073 summa,
519 984 643 1080 προνοίᾳ
678 982 799 1062 diuina
830 981 1020 1081 praeditus,
1053 982 1209 1055 diversas
1242 982 1355 1074 hujus

333 1109 459 1181 mundi
484 1123 604 1207 partes
627 1107 875 1207 pulcherrimo
898 1106 962 1179 illo
986 1106 1114 1179 ordine
1133 1107 1356 1205 disposuit²?

332 1238 521 1330 Nusquam
550 1237 682 1307 Noster
713 1236 861 1303 rationis
896 1247 1006 1329 atque
1038 1232 1280 1330 intelligentiae
1304 1246 1356 1305 at·

333 1358 471 1432 tributa
487 1360 674 1455 conjungit
691 1372 732 1429 ut
754 1356 959 1429 absolutam
981 1355 1112 1431 efficiat
1131 1358 1230 1457 hanc,
1246 1361 1355 1429 unius

332 1486 399 1554 Dei
427 1463 635 1572 notionem,
658 1490 959 1579 quarn'mancam
986 1498 1022 1553 et
1046 1481 1292 1582 imperfectam
1318 1487 1366 1555 in.

334 1608 525 1679 historiam
542 1605 752 1678 introduxit.

379 1736 420 1803 ln
439 1729 627 1803 manifesto
649 1746 795 1802 estnon
819 1730 925 1827 longe
950 1755 1035 1801 euin
1062 1756 1083 1805 a
1106 1731 1353 1829 pulcherrima

332 1857 394 1929 illa
403 1861 535 1929 notitia
548 1856 839 1954 abfuisse‚‘quam
854 1883 926 1929 non
941 1856 1090 1929 uberius
1104 1862 1139 1927 in
1156 1858 1233 1953 ejus
1245 1883 1357 1957 opere

332 1987 533 2081 expositam
548 2007 625 2052 esse
643 2005 735 2079 aegre
748 1980 818 2066 fert
831 1985 983 2053 animus.
1009 1982 1165 2073 Quando
1182 1988 1276 2055 enim
1293 2011 1357 2057 nu·

335 2129 419 2176 men
436 2104 527 2177 illud
545 2105 863 2178 indeterminatum
890 2121 925 2177 et
946 2110 1047 2203 qnasi
1069 2106 1224 2179 informe
1241 2110 1338 2207 expli

333 2235 447 2304 catius
463 2230 751 2321 circumscribit,
770 2234 908 2327 φθονερόν
931 2228 1128 2329 appellat3,
1148 2233 1245 2329 quod
1263 2260 1355 2332 aegre

332 2354 450 2427 ferens
477 2381 533 2427 res
562 2356 770 2427 mortalium
792 2380 995 2455 prosperas,
1020 2354 1203 2428 fortunam
1225 2384 1353 2431 eornm

334 2474 539 2578 fastumque
555 2480 743 2579 deprimit,
769 2506 857 2580 opes
881 2480 1074 2569 humanas,
1091 2506 1217 2574 vanaS,
1239 2484 1354 2557 nullas
1450 2552 1453 2557 .

328 2633 411 2701 esse
424 2603 649 2678 edocendot.
667 2604 777 2699 Quod
793 2611 823 2676 si
844 2631 979 2678 numen
996 2604 1215 2680 invidiosum
1235 2608 1353 2681 homi·

332 2757 422 2806 num
438 2729 540 2803 lactis
553 2755 646 2829 saepe
662 2757 699 2803 se
716 2720 912 2820 immiscet,
933 2732 1116 2820 mortales,
1136 2759 1181 2804 ne
1206 2733 1352 2808 fortuna

333 2860 531 2934 efferantur
548 2874 682 2949 monet,
696 2884 783 2930 neve
795 2858 967 2958 superbia
980 2875 1179 2932 tumescant
1194 2876 1256 2932 aut
1271 2861 1353 2934 data

334 2990 420 3085 ipsis
445 2999 623 3080 potestate
640 2984 854 3071 abutantur,
875 3009 959 3054 cum
982 2989 1141 3054 animum
1165 2984 1353 3056 elatiorem

334 3114 554 3210 spiritusque
579 3107 838 3180 immoderatos
861 3123 925 3179 aut
947 3106 1126 3180 dedecore
1152 3123 1216 3180 aut
1241 3108 1353 3181 infor·

335 3238 438 3306 tunio
459 3257 646 3330 nunquam
665 3257 740 3303 non
759 3231 970 3304 contundat.
988 3236 1070 3306 Haec
1090 3238 1194 3329 quasi
1209 3238 1351 3332 poetica

336 3355 490 3431 docendi
500 3363 593 3429 ratio
602 3383 683 3454 quae
693 3373 870 3455 praecepta
881 3362 1095 3430 auctoritate
1106 3383 1226 3430 rerum
1237 3358 1353 3452 fulcit,

336 3499 423 3592 tunc
440 3487 614 3582 temporis
630 3481 837 3580 plusquam
853 3481 984 3580 frigida
1002 3480 1207 3556 officiorum
1227 3509 1353 3556 recen·

294 3678 301 3686 ,
336 3610 392 3682 sio
409 3607 573 3680 moribus
588 3605 824 3680 inlormandis
840 3605 990 3706 proluit.

368 3821 376 3852 ¹
395 3814 467 3874 fler„
483 3822 549 3873 viu,
562 3815 603 3863 tto.

370 3903 380 3933 ²
398 3907 470 3963 tter,
487 3914 532 3964 ni,
552 3905 607 3952 108.

337 4002 340 4005 ·
370 3993 517 4057 ⁸Battiger.
536 3992 652 4044 Prolusio
668 3991 761 4052 altera,
781 4005 808 4055 p.
821 3993 876 4040 tae.

371 4085 380 4114 ⁴
399 4084 510 4135 Barttet.
528 4079 712 4143 Anach.,v11‚
730 4083 770 4132 86.
789 4081 877 4133 Altera
894 4080 1020 4132 dissertat.
1047 4079 1145 4132 abbatis
1160 4081 1263 4145 Gaium,
1287 4082 1353 4148 apud

339 4161 458 4214 Larcher.
478 4169 496 4214 t.
510 4173 551 4224 vr,
568 4175 592 4229 p.
605 4165 660 4213 579.
