3484 5225
824 582 981 643 —62·-
1071 594 1073 597 '

396 737 481 786 rum
498 720 661 812 tyranni,
683 714 834 795 historia
852 728 1046 787 memorat.
1058 720 1195 787 Amasis
1209 728 1415 789 commotus

392 837 563 928 lortuua,
586 864 660 936 qua
686 837 891 937 Polycrates
919 844 1205 913 constantissima
1229 840 1416 931 utebatur,

395 961 484 1037 huic
505 962 630 1035 scribit
648 966 852 1035 moniturus
875 988 921 1033 ne
941 986 1076 1035 numen
1101 962 1266 1038 divinum
1287 981 1418 1039 natura

396 1112 462 1159 sua
478 1086 696 1159 invidiosum
714 1113 790 1159 esse
808 1087 1041 1189 obliviscatur
1061 1096 1087 1175 ¹,
1114 1086 1359 1186 hortaturque
1376 1105 1420 1161 ut

395 1208 588 1283 infortunii
604 1212 757 1307 alicujus
777 1211 972 1283 voluntarii
990 1211 1191 1309 periculum
1212 1212 1353 1302 subeat,
1371 1211 1389 1285 l
1407 1254 1420 1269 ·

396 1333 541 1406 licitatis
557 1335 664 1407 solito
683 1334 830 1431 majoris
843 1340 955 1433 gratia
968 1334 1420 1434 imminuendae.vPolycra·

399 1474 484 1549 tem,
503 1475 545 1531 ut
567 1465 710 1548 scimus,
729 1464 967 1558 superstitiosi
984 1464 1093 1533 animi
1112 1460 1263 1533 consilio
1280 1461 1420 1535 obtem·

400 1600 588 1684 perantem
621 1610 705 1656 cum
740 1583 890 1658 felicitas
918 1582 1096 1657 obstinate
1131 1601 1420 1685 persequeretur,

401 1716 550 1799 Amasis,
565 1734 632 1809 pro
652 1734 693 1781 ea
709 1734 782 1806 qua
798 1725 875 1781 erat
889 1708 1094 1807 prudentia,
1110 1736 1255 1807 sumque
1270 1736 1344 1783 non
1360 1715 1421 1782 rni-

401 1859 470 1905 nus
494 1858 618 1905 amans
647 1837 868 1922 securitatis,
897 1838 1092 1907 amicitiam
1124 1834 1313 1933 abnegavit
1345 1838 1422 1932 ejus

402 1982 513 2055 quem
531 1957 702 2028 omnibus
723 1958 824 2029 malis
841 1957 1041 2029 obnoxium
1060 1956 1233 2030 crederet.
1256 1958 1298 2029 Id
1319 1957 1421 2056 quod

403 2087 510 2155 etiam
536 2098 720 2181 postremo
744 2083 940 2179 Polycratis
964 2080 1038 2169 lato
1071 2098 1123 2153 est
1153 2082 1420 2155 confirmatum.

403 2206 471 2277 Sed
491 2205 528 2276 id
549 2210 670 2303 ipsum
687 2231 818 2277 verane
835 2212 880 2277 sit
897 2210 1056 2278 narratio
1074 2206 1189 2279 dubio
1207 2206 1328 2279 locum
1348 2207 1421 2295 dat,

406 2354 517 2425 quam
544 2316 807 2427 philosophans
829 2329 1040 2401 Herodotus
1065 2330 1204 2403 artificii
1229 2356 1300 2431 ope
1324 2335 1422 2429 inge·
1520 2386 1528 2401 .

406 2457 499 2524 niosi
512 2452 655 2525 finxisse
672 2452 782 2526 videri
798 2470 928 2551 potest.

454 2578 631 2651 Observes
646 2579 751 2651 velim
767 2593 903 2676 quanta
917 2582 1130 2669 constantia,
1145 2582 1425 2678 perseverantia·

407 2724 482 2796 que
499 2725 586 2770 usus
607 2716 856 2797 armatusque,
871 2716 911 2772 ut
928 2707 976 2772 ita
994 2701 1125 2791 dicam,
1146 2701 1292 2774 vindicis
1307 2707 1425 2774 nunri-

405 2831 461 2898 nis
477 2829 531 2896 ira
543 2830 579 2895 in
597 2840 768 2921 tyrannos
785 2831 901 2898 saeviat
921 2831 1051 2898 Noster
1064 2826 1277 2900 crudelitate
1290 2851 1353 2900 sua
1369 2833 1423 2925 in·

407 2956 535 3049 signes.
562 2949 763 3022 Pheretime
784 2965 867 3050 post
887 2967 1029 3049 turpem
1051 2957 1085 3022 in
1113 2957 1269 3025 Barcaeos
1290 2951 1426 3024 vindic·

409 3091 481 3148 tam
503 3073 686 3146 vermibus
715 3099 819 3146 exesa
845 3081 1013 3165 moritur;
1039 3079 1079 3158 ὣς
1106 3077 1165 3172 ἄρα
1191 3079 1371 3172 ἀνθρώποισι
1394 3081 1428 3146 αἱ

406 3203 474 3277 λίην
499 3200 618 3293 ἰσχυραὶ
639 3201 783 3294 τιμωρίαι
806 3203 879 3294 πρὸς
898 3203 971 3268 θεῶν
991 3202 1142 3294 ἐπίφθονοι
1163 3203 1296 3297 γίνονται
1312 3212 1340 3272 ².
1369 3205 1427 3272 Sic

367 3397 372 3406 ,
408 3323 605 3396 Periander
618 3327 683 3419 qui
699 3337 881 3394 trecentos
898 3348 1031 3421 pueros
1050 3349 1070 3394 e
1088 3323 1319 3395 nobilissimis
1338 3328 1427 3394 Cor·

410 3471 609 3542 cyraeorum
622 3445 764 3520 familiis
776 3446 951 3518 oriundos
965 3445 1157 3518 foedissime
1173 3447 1425 3534 trucidaverat,

411 3566 620 3664 stupiditate
637 3573 745 3638 unius
766 3567 944 3656 filiorum,
962 3570 1183 3666 alteriusque
1206 3570 1293 3640 odio
1311 3575 1429 3640 inexo-

410 3691 514 3765 rabili
532 3695 682 3791 punitur
699 3688 727 3763 ³.
745 3695 910 3790 Denique
936 3704 954 3770 a
980 3699 1108 3789 Νέμεσις
1139 3700 1297 3793 privatos
1319 3699 1427 3768 etiarn

440 3932 448 3959 ¹
467 3925 538 3980 fler..
559 3933 604 3983 ur,
621 3925 662 3974 tu.

441 4019 541 4077 ’liam
561 4030 600 4080 iv,
622 4022 677 4068 205,

441 4118 449 4146 ³
467 4120 538 4178 tter,
559 4127 604 4178 ru,
622 4119 707 4166 tt-sa.
