3484 5225
816 647 974 701 ...40-

390 792 476 848 erat.
501 781 568 847 Hic
597 779 782 846 Ammonis
808 774 972 863 oracula,
997 774 1056 847 hic
1078 780 1175 845 Botis
1199 774 1301 847 tuere
1333 792 1413 871 quae

388 922 530 997 semper
560 902 596 967 in
625 922 689 967 ore
715 911 799 968 sunt
824 894 1001 968 Herodoti
1035 906 1063 987 ¹,
1099 911 1209 994 atque
1241 895 1310 968 alia
1337 902 1413 967 sine

388 1027 555 1113 nornine,
574 1046 735 1118 quorum
760 1019 865 1092 dol-os
879 1023 1016 1091 Amasis
1035 1046 1097 1091 rex
1114 1020 1267 1095 mirifice
1285 1020 1415 1093 deterit

391 1147 600 1244 delusitque
619 1158 644 1215 ².
665 1144 773 1217 Nulla
785 1143 932 1216 fuerunt
945 1148 1065 1215 ¹Persis
1083 1144 1230 1243 templa,
1251 1145 1300 1217 ob
1321 1165 1414 1217 eam·

389 1298 462 1371 que
473 1296 617 1345 causam
632 1296 700 1343 nee
715 1271 945 1343 oraculorum
960 1270 1080 1362 sedesz
1097 1270 1159 1343 sed
1178 1279 1272 1368 nragi
1287 1296 1413 1343 omnes

389 1396 646 1469 divinationem
663 1395 942 1495 profitebantur.
960 1402 1101 1471 Caeterae
1114 1412 1237 1495 gentes
1250 1394 1413 1467 barbarae

388 1548 492 1620 reque
517 1546 558 1593 ac
579 1526 691 1593 Graeci
708 1519 864 1593 oraculis
880 1520 1093 1593 utebantur.
1116 1526 1260 1591 Paeones
1282 1518 1415 1591 scilicet

390 1645 502 1717 deum
515 1643 712 1743 quemdam
728 1644 774 1715 de
790 1644 898 1716 rebus
914 1650 988 1716 suis
1000 1642 1210 1717 consultum
1226 1643 1375 1720 adibant
1386 1640 1412 1715 ³.

390 1774 516 1860 Bessis,
535 1768 722 1843 Herodoto
745 1784 857 1860 teste,
887 1768 1015 1841 Bacchi
1046 1785 1124 1842 erat
1150 1769 1340 1841 oraoulum
1366 1768 1413 1841 ab

389 1898 492 1969 omni
503 1902 613 1991 etiam
630 1896 811 1967 Thracum
827 1893 968 1993 populo
981 1892 1248 1993 frequentatum
1259 1893 1286 1981 43
1306 1899 1433 1967 Bessi-n

388 2044 478 2117 que,
489 2024 582 2091 sicut
597 2019 825 2117 Delphorum
841 2019 968 2107 incolis
981 2018 1080 2118 apud
1087 2023 1242 2111 Graecos,
1255 2044 1415 2093 commu·

390 2149 446 2217 nis
461 2144 598 2217 oraculi
611 2144 778 2217 custodes
795 2132 906 2217 erant.
920 2148 1010 2217 Nam
1027 2143 1087 2216 hic
1104 2170 1255 2243 quoque
1274 2142 1413 2217 faemina

390 2269 575 2359 sacerdos,
602 2275 695 2341 sicut
719 2269 893 2367 Delphis,
921 2269 1196 2361 vaticinabatur,
1229 2273 1332 2367 cujus
1358 2296 1413 2351 re·

392 2393 1032 2493 sponsauonminusamhiguaquam
1041 2393 1412 2492 Pythiaeeffataerant.

391 2520 531 2618 Scythae
545 2518 783 2592 abundabant
800 2518 1236 2620 haruspicibus,quorum
1255 2520 1414 2593 Herodo·

392 2661 452 2731 tus
479 2643 696 2725 industriam
709 2644 893 2737 ‚describit
911 2670 976 2743 per
993 2651 1115 2718 omnia
1132 2645 1282 2718 similem
1296 2649 1340 2717 iis
1360 2669 1413 2718 ar·

393 2766 492 2839 tibus
502 2792 592 2865 quas
603 2782 738 2840 caeterae
751 2783 875 2865 gentes
893 2769 1013 2842 hocin
1031 2795 1161 2868 genere
1179 2769 1411 2844 adhibebant.

389 2877 543 2965 'Constat
565 2898 659 2964 enim
687 2897 951 2992 superstitionis
974 2893 1081 2966 dolos
1110 2894 1248 2994 ubique
1268 2894 1413 2968 eosdem

394 3043 470 3090 esse
488 3010 514 3089 ⁵.
539 3023 623 3092 Erat
646 3044 733 3091 suus
757 3018 1010 3117 Hyperboreis
1039 3043 1184 3116 magus,
1207 3020 1334 3092 Abaris
1349 3045 1414 3092 uo·

396 3147 512 3232 mine,
539 3149 604 3242 qui
636 3151 736 3217 omni
762 3145 847 3216 cibo
875 3145 1077 3232 abstinens,
1106 3169 1217 3244 snper
1248 3144 1322 3216 telo
1351 3168 1416 3244 per

394 3294 514 3343 aerem
528 3269 635 3358 latus,
646 3294 793 3340 omnem
812 3284 945 3342 terram
959 3267 1112 3342 invisitf'.
1191 3339 1193 3342 ,

443 3400 611 3467 Attamen
625 3398 759 3466 Graecia
772 3409 908 3467 ceteras
920 3393 1113 3492 superabat
1127 3409 1249 3492 gentes
1260 3415 1414 3464 numero

397 3533 435 3588 et
453 3515 547 3590 fama
572 3517 825 3607 oraculorum,
849 3544 870 3591 e
885 3516 1020 3617 quibus
1035 3517 1125 3590 illud
1142 3516 1245 3615 quod
1264 3515 1415 3616 Delphis

312 3733 316 3738 ’
426 3722 741 3786 'fler.,1t,18;rn,tt.

387 3800 390 3806 ¹
427 3819 574 3881 'tter..rr,
589 3820 643 3870 itt.

427 3916 526 3976 ⁸tien,
545 3927 574 3976 v,
591 3920 615 3966 1.

426 4011 435 4041 ⁴
455 4014 526 4074 tter,
543 4015 636 4072 r11.a.

428 4111 437 4140 ⁵
456 4113 526 4173 tter,
546 4123 586 4171 tv,
605 4113 647 4160 o't.

376 4257 385 4269 ,
428 4209 643 4267 “Ηον.,ιν,3θ.
683 4210 685 4214 “
