3484 5225
762 664 920 727 ..ηιμ
1009 706 1012 713 ,

329 813 427 873 serat
441 810 469 891 ¹,
482 809 545 872 aut
560 803 602 871 iis
612 819 696 897 qnae
706 798 852 873 Charon
867 795 1113 897 lampsacenus
1124 798 1352 873 Hellanicus·
1373 789 1374 794 ‘

330 953 374 999 ve
392 930 524 1025 scripta
546 925 769 1021 reliquerant
787 936 827 1031 ²2
839 922 1064 997 Hellanicutn
1083 922 1233 1021 quidem
1257 950 1352 997 corn-

330 1068 476 1153 pentum
492 1064 545 1121 est
560 1050 709 1142 eodem,
734 1074 810 1147 quo
827 1049 1053 1138 Herodotus,
1074 1062 1237 1147 tempore
1260 1074 1353 1149 opus

331 1201 439 1248 suum
467 1180 730 1274 composuisse,
759 1178 810 1246 ita
835 1188 878 1245 ut
902 1182 1029 1245 neuter
1049 1173 1196 1245 alterius
1221 1178 1354 1273 scripta
1425 1223 1428 1233 ι

331 1306 537 1399 cognovisse
547 1307 592 1372 sit
603 1295 822 1400 putandus3.
835 1304 1003 1391 Quorum
1016 1303 1179 1369 omnium
1194 1298 1294 1371 nulla
1311 1298 1355 1368 fit

316 1423 429 1523 'apud
447 1421 672 1494 Herodotum
694 1426 842 1493 mentio.
860 1418 902 1491 Id
919 1419 1026 1518 longe
1043 1420 1147 1491 aliter
1171 1434 1208 1490 se
1226 1420 1355 1511 habet,

332 1546 434 1646 quod
460 1547 506 1620 ad
528 1553 732 1619 Hecataeum
753 1546 932 1619 milesium
958 1551 1102 1636 attinet,
1127 1545 1231 1640 cujus
1256 1538 1355 1615 varia

332 1674 421 1763 fuit,
447 1670 633 1743 Herodoto
661 1683 767 1756 teste,
792 1693 905 1769 opera
931 1675 968 1742 in
999 1670 1108 1742 rebus
1133 1652 1257 1769 patriae
1284 1682 1356 1740 snae

332 1794 623 1869 administrandis
650 1793 682 1881 43
706 1793 805 1865 unde
833 1796 940 1865 etiam
967 1793 1124 1893 amplam
1150 1807 1275 1865 nactus
1300 1806 1353 1866 est

332 1886 495 2017 gloriam.
513 1917 584 1989 Sed
600 1917 808 1989 Herodotus
824 1937 1013 2013 nunquam
1028 1916 1102 1989 fere
1119 1939 1203 1989 eum
1218 1917 1352 1989 ducem

333 2047 519 2139 sequitur,
536 2046 673 2139 quippe
688 2040 794 2137 cujus
812 2038 1065 2111 tantummodo
1089 2061 1230 2111 errores
1246 2044 1354 2111 corri-

328 2181 394 2265 ,gat
406 2159 434 2255 ⁵,
450 2181 486 2237 et
499 2165 683 2236 interdum
696 2164 875 2235 obtrectet
887 2169 1092 2236 sententias.
1114 2166 1242 2235 Rarius
1256 2168 1353 2235 enim

333 2290 434 2361 libris
456 2306 561 2363 antea
582 2286 792 2388 compositis
808 2314 896 2360 usus
914 2304 967 2360 est
990 2287 1219 2379 Herodotus,
1243 2304 1284 2361 ut
1305 2294 1354 2361 vih

332 2414 420 2485 dere
437 2427 492 2485 est
508 2438 529 2483 e
544 2420 708 2511 sequenti
720 2414 803 2486 loco
817 2438 894 2510 quo
914 2411 1030 2485 fontes
1044 2438 1064 2485 e
1082 2413 1352 2511 quibus,‘quod

332 2538 380 2611 ad
397 2542 580 2638 AEgyptios
595 2553 744 2639 spectat,
766 2538 896 2629 hausit,
924 2534 1177 2609 indicanturss:
1205 2544 1354 2611 «Haste

335 2689 438 2738 nnus
453 2693 534 2764 quae
560 2668 649 2757 vidi,
671 2673 882 2764 quaenovi,
907 2693 989 2765 quae
1012 2673 1229 2766 interrogavi
1257 2667 1353 2740 dicta
1461 2657 1463 2662 ¹

334 2820 354 2858 n
372 2806 480 2862 sunt:
507 2792 567 2862 hic
586 2815 733 2890 pergam
751 2791 924 2862 disserere
948 2792 994 2862 de
1011 2795 1164 2890 lEgypto
1190 2817 1270 2889 quae
1288 2817 1351 2864 au·

336 2947 354 2982 u
373 2915 469 3009 divi,
489 2914 623 2988 addens
636 2931 673 2987 et
690 2915 829 3012 aliquid
843 2915 947 3012 quod
961 2919 1037 3013 ipse
1052 2912 1215 2987 viderim.
1234 2945 1252 2982 n

378 3045 607 3138 Experientia
633 3045 745 3138 igitur
767 3040 844 3112 sola
865 3039 998 3111 ductus
1026 3037 1234 3110 Herodotus
1259 3059 1352 3138 opus

334 3187 439 3233 suurn
452 3168 672 3261 composuit;
681 3161 895 3260 longinquas
903 3167 997 3234 enirn
1008 3161 1092 3233 fecit
1101 3165 1354 3262 peregrinatio·

334 3303 397 3358 nes
408 3291 445 3356 in
460 3311 518 3358 eas
536 3291 698 3383 regiones
709 3311 803 3383 quas
820 3285 1002 3378 describit,
1015 3286 1217 3385 habuitque
1235 3285 1353 3358 sontes
1452 3341 1454 3346 .

335 3390 582 3502 monumenta,
598 3409 810 3501 sacerdotes,
828 3415 926 3483 viros
945 3408 1120 3504 eruditos,
1138 3417 1205 3494 ιιὺς
1217 3415 1354 3510 topicam

366 3668 430 3721 ¹Gl.
443 3670 536 3731 Baehr,
549 3674 636 3720 noum
647 3671 695 3734 lp.
709 3673 818 3733 lter.,t,
831 3673 871 3734 tt,
888 3676 906 3720 t.
919 3679 939 3734 ι,
952 3683 977 3735 p.
992 3675 1047 3722 236.
1369 3725 1371 3732 ,

368 3776 380 3801 ²
397 3769 455 3822 Vid.
468 3769 501 3819 ad
510 3772 584 3831 lien,
597 3781 616 3832 ι,
631 3773 685 3829 tto,
696 3781 736 3831 ιι,
750 3773 780 3819 at
789 3775 817 3820 et
827 3769 942 3834 eiusdem
955 3772 1064 3834 notulas,
1074 3777 1092 3822 t.
1108 3783 1127 3833 ι,
1138 3786 1162 3836 p.
1171 3773 1230 3832 3583
1242 3781 1286 3832 ιιι,
1296 3773 1350 3818 272.

372 3865 382 3894 ³
399 3864 552 3916 Dalhmann.
574 3867 757 3918 commentatio
768 3866 801 3918 de
812 3847 862 3918 vita
878 3873 904 3928 et
917 3868 1017 3932 seriptis
1037 3867 1166 3920 Herodoti.
1187 3869 1236 3930 Ap.
1258 3865 1353 3928 Baetin,

336 3945 348 3990 i
374 3954 422 4003 tv,
437 3957 462 4006 p.
481 3947 536 3995 398.

368 4039 377 4067 ⁴
397 4042 471 4098 tter„
488 4053 517 4102 v,
536 4043 576 4091 ts.

369 4132 378 4160 ⁵
397 4129 435 4181 Cf.
452 4135 523 4195 lien,
537 4144 558 4194 1,
572 4136 631 4195 Μῦς
645 4145 677 4196 ιι,
692 4136 732 4195 et,
746 4137 857 4195 2³,1433
870 4145 909 4194 tv,
924 4137 967 4194 36;
986 4144 1025 4194 vt,
1039 4135 1092 4182 137.

373 4229 382 4255 ⁶
401 4230 471 4291 tter,
491 4241 523 4292 ιι,
535 4235 574 4281 99.
