3484 5225
753 666 793 683 -
814 638 851 695 29
869 624 910 683 '-
981 706 983 711 ,

320 765 459 840 accedit
488 763 825 857 administrandam,
858 782 933 839 tota
956 773 1011 839 sui
1036 774 1147 868 ipsius
1169 769 1338 846 facultate

320 892 473 981 fruitur,
500 898 656 991 tempori
675 892 858 989 rebusque
883 892 1083 991 prudenter
1098 897 1342 989 inserviend0,

318 1023 435 1089 omnis
462 1040 581 1089 metus
604 1033 640 1090 et
663 1022 927 1116 superstitionis
956 1044 1094 1118 expers.
1130 1026 1342 1094 Persuasum

320 1148 415 1214 enim
444 1141 566 1233 habet,
591 1167 611 1214 a
639 1166 744 1214 causa
769 1166 951 1240 suprema,
977 1147 1052 1215 Deo
1073 1144 1223 1236 scilicet,
1244 1147 1342 1219 hunc

319 1273 527 1339 universum
564 1266 690 1338 orbem
720 1266 920 1338 secundum
958 1266 1052 1365 leges
1083 1283 1232 1341 aeternas
1267 1276 1342 1368 regi

319 1391 606 1488 gubernarique,
625 1415 770 1463 causam
787 1416 874 1461 vero
894 1391 1110 1482 secundam,
1132 1392 1338 1487 homiuem,

319 1523 373 1587 sui
393 1518 484 1611 juris
509 1540 601 1604 esse,
629 1520 855 1614 praescriptos
885 1520 977 1587 intra
1003 1515 1093 1588 fines
1121 1544 1214 1614 quos
1245 1522 1341 1590 Deus

319 1648 394 1741 ipse
413 1647 572 1713 exaravit
601 1640 771 1723 invisibili
797 1640 948 1737 quidem
978 1656 1114 1731 tractu,
1144 1641 1275 1715 sedita
1300 1658 1342 1715 ut

319 1767 484 1839 voluntas
523 1768 601 1862 ejus
638 1764 926 1837 manifestaretur
960 1782 994 1838 et
1026 1766 1195 1838 humanae
1229 1771 1341 1838 menti

318 1891 412 1961 hanc
429 1906 607 2003 capereet
626 1895 853 1987 interpretari
870 1891 983 1961 liceat.
1003 1893 1124 1980 Quare
1144 1897 1172 1961 si
1195 1891 1339 1962 decreta

318 2013 439 2085 divina
464 2014 770 2111 comprehendere
797 2013 919 2102 volet,
943 2014 1057 2113 legem
1084 2014 1339 2107 mortalibusa

317 2154 446 2211 natura
468 2143 610 2209 insitam
636 2144 810 2235 seq‘uetu'r
833 2153 1006 2235 tanquam
1033 2142 1174 2210 virtutis
1199 2134 1340 2213 iustitu-

318 2269 464 2351 tn'cem,
494 2262 627 2334 et'ubi
661 2261 783 2334 futura
812 2287 1028 2360 pernoscere
1062 2266 1096 2333 ei
1132 2262 1233 2334 cordi
1266 2279 1339 2353 est,

317 2389 460 2464 oracula
489 2414 562 2459 non
589 2388 723 2475 adibit,
751 2388 814 2459 sed
841 2388 918 2461 sola
937 2387 1068 2461 ductus
1094 2414 1216 2459 rerum
1233 2414 1339 2487 expe·

318 2516 467 2603 rientia,
490 2538 570 2608 quae
588 2511 711 2583 futura
739 2527 841 2600 sunt,
868 2513 1076 2606 conjectura
1105 2510 1255 2583 solerter
1273 2540 1337 2585 au·

317 2637 517 2735 gurabitur.
535 2643 624 2730 Quae
642 2642 763 2709 omnia
779 2637 883 2709 aliter
899 2662 936 2707 se
956 2637 1116 2708 habuere
1130 2637 1227 2736 apud
1248 2642 1339 2708 anti-

317 2787 429 2858 quos,
461 2768 525 2858 qui
556 2762 644 2833 deos
676 2763 785 2834 rebus
817 2763 985 2833 humanis
1007 2787 1043 2832 se
1071 2767 1272 2833 immiscere
1302 2777 1337 2833 et

317 2885 474 2958 diversas
499 2892 601 2983 quasi
630 2905 800 2986 personas
826 2892 862 2956 in
890 2893 970 2956 vitae
1001 2886 1167 2958 humanae
1195 2887 1339 2957 theatro

318 3037 422 3110 agere
455 3012 640 3100 arbitrati,
677 3036 816 3100 summa
855 3035 942 3082 cura
973 3035 1101 3079 eorum
1133 3010 1338 3081 voluntates

317 3137 564 3225 observand0,
594 3143 756 3225 somniis,
779 3135 974 3235 prodigiis,
999 3134 1151 3206 oraculis
1177 3139 1336 3206 animum

270 3303 274 3308 -
317 3262 560 3334 attendebant.
593 3267 635 3332 In
666 3287 741 3358 quo
775 3259 924 3357 quidem
957 3260 1108 3331 historia
1140 3265 1287 3356 antiqua
1317 3283 1337 3332 a
1381 3297 1385 3306 ·

318 3402 450 3458 nostrae
470 3394 581 3458 aetatis
598 3386 749 3457 historia
779 3390 933 3455 maxime
958 3383 1090 3455 differt.
1110 3383 1173 3455 llla
1190 3385 1338 3480 quidem

319 3510 502 3582 miraculis
530 3508 726 3599 fabulisve,
760 3535 850 3606 quas
877 3533 941 3580 uos
975 3509 1030 3579 vel
1057 3512 1092 3578 in
1119 3509 1340 3582 carminibus

319 3632 466 3705 difficile
488 3640 721 3716 sustinemus,
744 3658 812 3731 pro
837 3648 965 3704 natura
986 3657 1050 3704 sua
1075 3658 1147 3704 non
1170 3634 1337 3723 abstinet,

320 3773 361 3828 ut
386 3785 467 3854 quae
492 3760 547 3830 his
579 3759 760 3856 figmentis
793 3764 986 3828 maximam
1016 3774 1154 3855 partem
1184 3759 1339 3829 conflatu

321 3888 378 3953 sit.
399 3885 445 3954 Ut
470 3890 588 3982 poesis
610 3884 758 3955 historia
777 3899 875 3971 erat;
896 3888 1016 3977 itaque
1035 3881 1250 3952 Herodotus·
1264 3907 1336 3952 non

320 4010 386 4078 erit
422 4007 649 4080 vehementer
685 4005 907 4079 accusandus
940 4029 1007 4076 nec
1035 4020 1206 4100 tanquam
1235 4002 1339 4076 fabu-

209 4178 216 4185 -
319 4131 436 4204 larum
477 4149 619 4205 amator
654 4132 900 4232 spernendus,
934 4127 1033 4225 quod
1074 4128 1162 4204 deos
1199 4154 1338 4227 semper
