3484 5225
768 605 808 616 ..
829 576 867 631 55
890 605 925 615 -

251 690 255 699 ¹
337 706 447 776 tentia
471 684 584 799 quam
612 702 743 775 effatus
768 719 821 774 est
847 705 1040 801 Cambyses
1068 706 1243 796 moriens,
1274 729 1356 777 cum
1439 754 1440 757 ,

336 833 525 899 Persarum
545 824 741 925 optimates
753 831 801 898 ita
819 827 1019 923 alloquitur
1034 856 1041 898 ε
1054 836 1087 897 ἐν
1108 842 1145 925 τῇ
1166 830 1224 926 γὰρ
1246 832 1359 927 ἀνθρω-

336 953 410 1051 πηΐῃ
428 958 515 1047 φύσει
528 960 582 1023 οὐκ
600 956 664 1029 ἐνῆν
684 953 796 1049 ἄρατὸ
814 959 921 1049 μέλλον
940 958 1073 1051 γίνεσθαι
1086 958 1262 1049 ἀποτρέπειν
1276 965 1299 1024 ¹.

386 1059 610 1176 Populorum
629 1101 702 1149 uon
729 1082 849 1149 minus
867 1102 978 1175 quam
1002 1084 1226 1176 privatorum
1246 1105 1322 1150 sors
1338 1104 1357 1151 a

336 1200 413 1273 lato
431 1202 574 1301 pendet.
599 1201 806 1282 Herodotus
828 1208 901 1273 vim
930 1202 1010 1301 plus
1026 1228 1136 1299 quam
1159 1204 1357 1275 humanam

336 1313 498 1425 agnoscit
514 1352 595 1423 quae
609 1333 771 1398 nationes
784 1332 821 1397 in
837 1332 1033 1427 perniciem
1049 1334 1121 1423 agit
1136 1333 1356 1427 praecipites:

336 1452 444 1521 llium
458 1450 590 1522 scilicet
609 1457 727 1547 magni
745 1443 903 1523 criminis
922 1452 1087 1551 expiandi
1105 1458 1250 1525 victima
1267 1456 1354 1525 ceci·

336 1574 426 1662 dit²‚
443 1606 459 1639 (ι
479 1579 635 1648 Numine
655 1577 718 1671 (ut
735 1575 835 1673 quod
856 1582 970 1647 sentio
988 1574 1126 1671 dicam)
1143 1576 1356 1675 disponente

340 1729 357 1764 α
373 1715 415 1770 ut
429 1699 573 1795 Trojani
589 1698 756 1771 funditus
773 1706 884 1771 eversi
902 1700 1050 1798 planum
1067 1700 1223 1773 iacerent
1241 1702 1352 1773 homi·

339 1854 357 1887 ιι
375 1823 502 1913 nibus,
524 1832 738 1922 magnarum
761 1828 977 1922 injuriarum
997 1808 1147 1923 magnas
1160 1852 1178 1897 a
1193 1826 1262 1926 diis
1282 1853 1357 1898 esse

337 1948 569 2019 «ultiones»
595 1948 663 2021 Sed
688 1948 814 2020 eadem
839 1954 963 2048 opinio
988 1978 1167 2047 nusquam
1193 1953 1355 2051 magnifr-

336 2078 475 2144 centius
499 2077 760 2171 pronunciatur
786 2098 895 2171 quam
920 2074 983 2144 ubi
1010 2073 1216 2146 Herodotus
1241 2076 1353 2146 'lher-

336 2197 456 2268 sandri
473 2197 707 2269 Orchomenii
726 2224 809 2269 cum
829 2204 934 2269 Persa
954 2198 1115 2294 quodam
1130 2199 1355 2297 colloquium

336 2321 460 2402 refert,
480 2326 544 2418 qui
565 2349 637 2393 una
657 2348 739 2395 cum
761 2326 841 2421 ipso
857 2322 957 2394 lauto
976 2330 1010 2393 in
1025 2323 1204 2395 Mardonii
1218 2310 1355 2395 aedibus

335 2447 495 2513 convivio
513 2443 636 2514 aderat
647 2440 673 2513 3.
694 2451 842 2537 Cernis,
869 2451 918 2515 ait
941 2445 1054 2515 horno
1074 2443 1249 2517 barbarus
1259 2470 1271 2533 ,‘
1288 2444 1356 2515 hos

334 2570 455 2637 Persas
474 2565 672 2664 epulantes
690 2565 863 2663 huncque
878 2572 1074 2638 exercitum
1091 2572 1154 2664 qui
1173 2568 1218 2658 ad
1237 2566 1357 2637 flumi-
1446 2540 1453 2551 Ι

333 2697 387 2761 nis
415 2695 510 2788 ripas
525 2695 561 2761 in
578 2698 701 2762 castris
724 2691 869 2762 relictus
894 2693 967 2763 est?
992 2691 1087 2762 Proh
1112 2693 1221 2764 Deos!
1244 2709 1374 2767 etam.

335 2816 448 2886 multa
465 2815 654 2887 hominum
676 2822 777 2915 copia
798 2841 908 2914 parva
925 2831 1061 2888 tautum
1082 2843 1207 2888 manus
1228 2843 1354 2914 super-

288 3034 290 3042 γ
334 2954 403 3010 stes
418 2938 566 3010 eritl·Et
583 2939 889 3011 interdicendum
914 2941 1045 3011 multas
1061 2941 1231 3037 lacrymas
1252 2948 1356 3014 Persa

335 3062 479 3137 effudit.
497 3063 705 3136 Admiratus
720 3065 796 3136 haec
813 3064 922 3136 verba
938 3065 1203 3136 Orchomenius
1216 3064 1358 3136 retulit:

271 3233 274 3239 ·
334 3191 462 3260 Nonne
472 3188 753 3260 haecMardonio
763 3188 905 3288 expedit
916 3187 1048 3277 dicere,
1061 3202 1097 3258 et
1109 3191 1151 3257 iis
1164 3191 1276 3258 Persis
1290 3191 1353 3283 qui

332 3313 533 3386 secundum
549 3339 631 3385 eum
649 3318 685 3383 in
703 3313 842 3384 honore
855 3315 960 3384 sunt?
978 3299 1101 3384 Persa:
1121 3317 1280 3396 minime,
1304 3317 1356 3381 in-

333 3445 429 3535 quit,
439 3461 522 3510 nam
534 3437 635 3535 quod
646 3436 736 3507 deus
747 3435 918 3526 decrevit,
929 3437 1041 3507 homo
1052 3435 1154 3506 nullo
1168 3434 1276 3506 modo
1288 3459 1305 3505 a
1318 3459 1358 3505 se

333 3562 535 3634 amolietur.
556 3557 622 3633 ὅτι
635 3558 683 3632 dei
691 3567 827 3660 γενέσθαι
841 3569 876 3640 ἐκ
892 3575 944 3632 τοῦ
958 3565 1035 3651 θεοῦ,
1053 3565 1209 3658 ἀμήχανον
1227 3566 1357 3657 ἀποτρέ·

333 3687 389 3779 dat
404 3691 563 3783 ἀνθρώπῳ.
582 3691 633 3758 Ac
645 3709 769 3758 omnes
789 3674 937 3782 quidem
954 3693 1066 3758 Persae.
1091 3686 1185 3758 idem
1202 3683 1354 3786 praesen·

364 3929 372 3956 ¹
390 3919 462 3979 tter„
480 3929 526 3979 ιιι,
544 3920 590 3970 65.

365 4012 376 4042 ²
393 4015 465 4074 Heu,
482 4025 514 4074 u,
533 4016 587 4065 120.

364 4104 375 4137 ⁸
392 4113 464 4171 tter„
483 4122 522 4170 tx,
543 4112 581 4163 17.
