3484 5225
840 630 998 687 ..20-

405 764 582 859 atque‘ita
602 758 816 859 spectando,
837 757 1107 857 interrogando,
1128 757 1308 829 librorum
1336 784 1422 830 suo·

405 915 485 960 rum
511 892 697 959 materiam
716 892 947 986 comparavit.

451 1016 541 1102 Quae
565 1017 685 1083 omnia
711 1017 747 1081 in
772 1036 878 1083 causa
906 1026 989 1081 sunt
1018 1036 1084 1082 cur
1105 1018 1329 1083 narrationes
1354 1018 1425 1083 Hes

403 1136 561 1207 rodoteae
580 1162 656 1209 non
671 1136 796 1207 omnes
819 1140 937 1233 magni
963 1140 1034 1207 sint
1059 1140 1256 1227 momenti,
1285 1136 1420 1209 nedum

401 1275 525 1350 certae,
548 1266 714 1358 quamvis
729 1266 850 1357 negari
867 1285 941 1330 non
961 1264 1072 1358 possit
1089 1286 1130 1333 ea
1155 1287 1235 1357 quae
1254 1266 1327 1333 suis
1345 1267 1421 1359 ipse

402 1385 515 1458 oculis
548 1384 655 1470 vidit,
693 1390 883 1456 maximam
919 1400 1079 1483 partem,
1110 1410 1185 1457 esse
1220 1390 1416 1457 verissima.

400 1511 648 1607 Quaecumque
675 1516 770 1580 enim
797 1509 840 1581 de
863 1510 1009 1607 populis
1026 1527 1166 1598 narrat,
1186 1525 1250 1581 aut
1274 1516 1419 1606 quoties

399 1647 577 1705 terrarum
599 1640 707 1705 situm
731 1650 972 1731 naturamque
989 1633 1160 1706 describit
1177 1634 1223 1705 ab
1240 1641 1320 1733 ipso
1342 1660 1421 1731 per·

398 1776 621 1857 agratarum,
650 1765 805 1851 maxima
826 1760 900 1831 fide
922 1758 1031 1856 digna
1046 1774 1148 1850 sunt,
1173 1761 1420 1857 lectoremque

397 1884 557 1954 historiae
581 1882 850 1981 cognoscendae·
866 1882 1068 1954 studiosum
1097 1866 1299 1955 erudiendd
1328 1891 1418 1955 mire

399 2005 592 2080 oblectant.
603 2006 670 2078 Sed
691 2032 772 2104 quae
786 2006 832 2076 de
848 2007 1006 2079 heroum
1025 2007 1316 2105 expeditionibus
1336 2010 1418 2107 plus

398 2134 561 2203 minusve
585 2130 757 2203 fabulosis
780 2146 922 2221 narrat,
950 2138 1068 2203 minus
1088 2148 1289 2205 memoratu
1310 2133 1419 2231 digna

396 2256 621 2328 videbuntur
659 2262 703 2327 iis
741 2262 805 2353 qui
842 2261 984 2328 seriam*
1012 2260 1217 2353 antiquitati
1263 2283 1419 2357 pernos-

397 2380 519 2452 cendae
534 2405 680 2480 operam
700 2395 832 2451 navant
851 2390 876 2451 ¹.
898 2386 975 2451 Jam
993 2387 1089 2451 enim
1100 2379 1236 2452 fabulae
1252 2388 1288 2454 in
1307 2382 1418 2455 histo·

398 2512 485 2577 riam
499 2508 712 2576 transierant
723 2529 813 2600 quas
827 2504 932 2602 plane
946 2504 1126 2602 negligere
1139 2512 1278 2576 auctori
1292 2521 1416 2577 nostro

397 2658 470 2702 non
496 2632 640 2704 licebat.
666 2630 872 2719 Herodotus
896 2635 960 2726 qui
984 2655 1038 2700 res
1061 2629 1106 2700 ad
1126 2629 1314 2702 historiam
1334 2657 1417 2703 vere

398 2763 616 2855 pertinentes
634 2771 705 2826 tam
727 2771 824 2826 recto
838 2753 977 2850 judicio
1000 2753 1243 2845 discernebat,
1260 2756 1418 2828 traditio·

398 2906 462 2950 nes
483 2894 603 2952 tamen
627 2878 756 2950 dubias
776 2883 937 2950 'omnino
964 2903 1127 2950 recusare
1157 2905 1230 2951 non
1258 2898 1416 2978 poterat,

400 3032 479 3104 quae
510 3005 555 3076 de
584 3005 758 3076 heroibus
789 3009 825 3076 in
854 3004 984 3102 vulgus
1007 3006 1301 3102 percrebuerant.
1333 3011 1415 3079 Non

400 3136 496 3200 enim
525 3128 758 3201 credulorum
789 3154 890 3201 more
915 3134 1036 3200 omnia
1070 3129 1246 3219 admittit,
1280 3130 1342 3200 sed
1378 3136 1415 3201 in

400 3254 554 3326 dubium
578 3279 671 3352 saepe
693 3269 797 3324 vocat
819 3258 892 3324 veri
911 3279 984 3323 non
1003 3253 1150 3342 similia3
1165 3248 1251 3325 ¹non
1276 3279 1417 3352 semper

400 3378 619 3480 suffragatur
640 3384 683 3449 iis
706 3403 787 3476 qnae
814 3377 896 3449 ficta
927 3376 1110 3468 videntur3
1136 3377 1197 3448 sed
1226 3385 1416 3477 saepissime

402 3507 525 3592 etiam,
549 3529 664 3599 quum
683 3508 871 3574 certiorem
896 3500 975 3572 fieri
998 3527 1071 3572 non
1092 3501 1215 3574 liceret
1241 3502 1417 3574 derebus

402 3633 560 3725 antiquis
582 3633 698 3725 iisque
720 3627 840 3698 dubiis
864 3642 899 3697 et
922 3652 986 3725 per
1009 3627 1122 3698 solam
1145 3627 1242 3724 vulgi
1262 3628 1419 3700 traditio·

401 3780 485 3826 netu
509 3757 743 3843 conservatis,
774 3767 859 3824 tnnc
888 3757 993 3823 nimis
1026 3751 1192 3825 facilitate
1220 3753 1417 3852 accipiebat

404 3881 487 3952 talia
513 3906 593 3978 quae
618 3878 723 3951 nobis
740 3879 889 3975 quidem
917 3877 1072 3949 absurda
1093 3878 1281 3968 videntur,
1310 3885 1358 3949 ita
1376 3893 1419 3949 ut

345 4009 350 4018 “
403 4005 517 4078 nihilo
555 4005 796 4105 logographos
828 4018 1035 4100 exsuperet,
1068 4003 1238 4075 eumdem
1277 4027 1416 4074 morem

435 4184 444 4212 ⁵
462 4186 580 4244 Daunou,
599 4184 678 4233 Cours
689 4173 808 4233 d’liltudcs
824 4182 895 4244 hist,
907 4186 926 4232 t.
940 4193 1004 4244 vm,
1017 4184 1072 4234 att.
