3484 5225
761 624 925 680 ..43-

329 754 558 850 supposititia
583 772 624 823 ea
650 752 747 823 esse?
762 756 813 823 Ex
833 752 888 825 his
910 757 1021 852 igitur
1039 736 1303 851 superstitionis
1316 764 1352 825 et

327 872 496 949 fraudum
514 873 666 947 officinis
683 890 799 947 sortes
820 875 1053 975 prodierunt,
1071 874 1207 974 quibus
1222 898 1349 974 regum

327 1014 364 1072 et
380 998 602 1100 populorum
625 998 698 1073 fata
712 1014 939 1099 regerentur.
1280 1096 1284 1105 Ι
1353 996 1357 1005 ’

377 1124 580 1198 Oraculnm
594 1124 804 1225 delphicum
822 1130 983 1226 primum
1001 1125 1122 1198 iocum
1137 1122 1351 1225 occupasse,

329 1250 601 1351 plurimumque
625 1255 663 1322 iu
685 1274 744 1322 res
768 1250 932 1349 publicas
950 1249 1103 1323 valuisse
1127 1250 1227 1321 nulla
1249 1272 1352 1322 exre

328 1378 442 1473 magis
455 1398 565 1473 quam
579 1398 601 1447 e
614 1378 728 1446 Croesi
743 1374 892 1447 historia
917 1388 1034 1474 patet,
1056 1380 1141 1472 qui,
1156 1389 1351 1471 antequam
1433 1466 1436 1471 Ι

327 1504 442 1571 Persis
462 1497 600 1571 bertum
622 1498 791 1599 inferret,
820 1524 886 1600 per
910 1499 1093 1599 delegatos
1114 1514 1252 1571 tentare
1269 1522 1350 1572 ora·

329 1624 410 1697 cula
427 1632 554 1725 coepit,
582 1639 659 1697 tum
686 1650 827 1723 eaquae
853 1623 951 1724 apud
975 1629 1119 1695 Graecos
1132 1636 1251 1712 eraut,
1273 1636 1351 1695 tum

329 1773 369 1823 ea
383 1776 465 1847 quse
478 1756 524 1850 in
537 1755 617 1822 Asia
633 1750 832 1848 Libyaque.
857 1749 926 1821 Alii
947 1748 1110 1848 Delphos
1127 1751 1224 1819 missi
1243 1759 1349 1837 suut,

328 1874 388 1948 atti
406 1872 769 1964 Abas,Phocensium
779 1873 972 1974 oppidum,
985 1874 1045 1945 atii
1056 1873 1266 1964 Dodouam3
1278 1896 1352 1946 non

329 1999 421 2071 nuiii
435 2005 522 2071 item
543 1999 588 2072 ad
610 1999 870 2100 Amphiaraum
889 1998 984 2071 etad
1002 1996 1272 2097 Trophonium3
1292 1997 1352 2071 alii

329 2122 373 2196 ad
389 2123 605 2195 Branchidas
614 2124 795 2214 Miletum,
811 2124 871 2195 atii
889 2123 934 2196 ad
946 2128 1130 2196 Ammonis
1145 2128 1243 2215 Jovis
1260 2136 1351 2194 tem·

329 2249 430 2347 plum
449 2258 476 2319 ¹.
498 2252 646 2321 Mittens
663 2254 786 2347 itaque
799 2248 843 2324 ad
861 2248 1007 2322 oracula
1021 2246 1192 2320 tentanda
1208 2246 1350 2345 Lydos,

328 2372 405 2446 haec
421 2372 521 2445 dedit
540 2378 591 2446 eis
608 2374 779 2447 mandata
798 2388 842 2445 ut
857 2398 932 2471 qua
955 2372 1014 2445 die
1036 2372 1352 2473 proficiscerentur

329 2524 372 2569 ex
392 2496 587 2587 Sardibus,
613 2498 660 2570 ab
678 2522 719 2570 ea
735 2498 919 2595 reliquum
936 2512 1078 2597 tempus
1092 2512 1350 2597 supputantes,

329 2622 494 2723 qnotidie
516 2625 563 2697 ab
587 2625 743 2697 oraculis
759 2627 1006 2696 siscitarentur
1026 2622 1203 2721 quidnam
1219 2621 1353 2696 faceret

330 2747 515 2847 Lydorum
535 2775 596 2822 rex
612 2753 759 2821 Croesus
770 2749 947 2846 Halyatte
969 2747 1082 2838 filius3
1100 2763 1135 2820 et
1158 2748 1260 2846 quod
1279 2754 1352 2820 sin·

330 2873 414 2972 gula
431 2874 576 2946 oracula
600 2873 886 2974 respondissent,
907 2873 944 2945 id
973 2897 1080 2945 omne
1104 2877 1352 2971 conscriptum

253 3047 257 3052 ¹
330 2995 429 3070 adse
454 2995 639 3071 referrent.
663 2997 791 3095 Pythia
817 2997 894 3069 haec
908 2994 1121 3095 respondit:
1143 3026 1160 3062 a
1181 2999 1288 3067 Venit
1304 2993 1350 3068 ad

331 3135 355 3188 α·
366 3145 467 3194 meos
505 3147 628 3195 sensus
662 3121 756 3194 odor
791 3119 981 3194 testudinis
1010 3143 1091 3218 qnae
1124 3119 1233 3190 simul
1264 3143 1348 3192 cum

334 3275 352 3312 θ
369 3252 499 3345 agnina
515 3271 621 3319 carne
635 3251 808 3345 coquitur
823 3250 861 3317 in
881 3245 1001 3318 lebete
1018 3269 1130 3332 aeueo,
1149 3269 1250 3316 aeneo
1264 3247 1349 3315 item

332 3375 537 3469 «imposito
555 3372 741 3473 operculo.
756 3377 830 3444 »Et
852 3391 990 3444 revera
1008 3368 1158 3469 quidem
1173 3367 1210 3440 id
1231 3373 1350 3469 ipsum

331 3494 555 3568 machinatus
579 3496 642 3568 itto
668 3495 845 3577 diecret,
879 3495 980 3594 qnod
1006 3518 1113 3568 nemo
1134 3519 1351 3592 cognoscere

330 3635 394 3694 ant
420 3620 590 3694 hariolari
614 3645 720 3721 posse
748 3635 903 3721 putaret.
932 3621 1101 3721 Magnam
1127 3625 1251 3718 itaque
1277 3623 1350 3692 vim

329 3744 512 3819 donomm
526 3744 690 3846 Delphos
704 3751 819 3835 misit,
838 3744 1114 3844 ferentibusque
1136 3717 1351 3841 injunxit'ut

330 3875 595 3969 interrogarent
610 3870 802 3944 oraculum
824 3896 869 3943 an
892 3869 1158 3971 expeditionem
1178 3865 1351 3939 adversus

331 3999 456 4067 Persas
474 4001 653 4096 suscipere
676 3996 836 4070 deberet.
853 4003 1079 4095 Responsum
1094 4007 1146 4066 est
1164 3994 1343 4080 Croesum,

363 4173 370 4203 ¹
390 4174 462 4237 tter,
482 4184 502 4236 r,
518 4176 557 4224 tr.
