3484 5225
837 618 877 675 ’.-
897 632 935 687 32
957 658 997 674 ...

405 778 557 835 naturus
587 777 675 835 erat.
710 762 820 834 Vides
845 760 950 856 cujus
974 756 1073 829 modi
1098 756 1231 829 fabulis
1253 755 1429 831 Herodoti

405 902 567 985 tempore
609 887 758 958 historia
796 885 907 958 fuerit
948 882 1177 955 intermixta!
1214 886 1253 953 In
1294 883 1430 979 quibus

404 1017 470 1109 qui
486 1017 561 1083 veri
578 1010 717 1108 aliquid
743 1010 864 1082 videre
892 1009 961 1081 sihi
984 1014 1046 1078 visi
1076 1022 1177 1095 sunt,
1197 1006 1428 1079 Mardonium

406 1135 492 1207 dolo
518 1152 555 1207 et
572 1136 821 1209 machinarum
841 1160 910 1233 ope
936 1134 1019 1205 talia
1040 1130 1197 1203 effecisse
1217 1148 1427 1219 autumant,

404 1259 467 1331 sed
485 1266 596 1359 magis
609 1260 728 1360 probo
747 1264 956 1358 opinionem
972 1256 1111 1330 fabulas
1123 1282 1189 1357 per
1203 1258 1354 1355 vulgum
1364 1284 1432 1330 ¹no-

408 1400 459 1457 tas
467 1384 613 1456 subesse
625 1384 967 1480 credentium,’quas
981 1386 1146 1483 scriptori
1161 1397 1285 1453 nostro
1295 1382 1432 1481 placuit

406 1510 443 1579 in
464 1509 622 1581 historiis
636 1514 709 1580 suis
730 1507 923 1605 colligere,
945 1522 1024 1579 tum
1046 1511 1189 1606 pietatis
1209 1532 1335 1594 causa,
1354 1523 1431 1578 tum

406 1631 450 1702 ad
470 1632 617 1729 legentis
636 1632 930 1705 oblectationem.
959 1637 1047 1724 Qua:
1076 1654 1228 1729 quoquo
1253 1631 1363 1703 modo
1394 1658 1432 1703 se

391 1755 584 1845 babeant,
613 1757 784 1828 discimus
811 1782 852 1827 ex
878 1756 934 1827 his
956 1772 1091 1853 quanta
1111 1756 1180 1826 illis
1206 1754 1433 1852 temporibus

407 1896 628 1979 grassaretur
650 1881 850 1953 credulitas.
873 1881 1092 1971 Herodotus,
1114 1884 1278 1977 quamvis
1295 1904 1432 1977 pronus

404 2007 442 2096 in
471 2004 564 2076 hanc
587 2008 903 2103 superstitionem,
930 2020 1048 2077 tamen
1078 2011 1253 2103 integram
1284 2008 1432 2075 somniis

407 2128 520 2200 fidem
548 2155 621 2200 non
647 2130 818 2201 habebat.
849 2130 1074 2211 Artabanum
1102 2134 1198 2201 enim
1219 2128 1265 2199 de
1289 2134 1432 2228 appari-

406 2258 549 2324 tionum
567 2246 708 2351 origine
734 2261 781 2326 ita
806 2256 1018 2351 loquentem
1042 2254 1123 2327 facit
1143 2264 1153 2297 ¹
1175 2282 1182 2325 ε
1206 2260 1317 2324 «Hoc
1336 2278 1431 2324 som·

408 2407 426 2444 a
445 2383 547 2448 nium
573 2403 647 2448 non
670 2403 726 2449 res
752 2378 872 2449 divina
891 2394 965 2470 est,
990 2379 1054 2451 fili.
1078 2383 1225 2451 Somnia
1249 2384 1345 2452 enim
1367 2383 1433 2449 ista

406 2532 423 2567 α
441 2516 543 2589 sunt,
565 2527 647 2598 quae
670 2501 841 2574 adeuntia
863 2503 1028 2574 homines
1052 2501 1290 2591 frustrantur,
1309 2528 1433 2599 quem·

406 2619 641 2697 «admodum
662 2653 728 2725 ego
750 2643 783 2699 te
808 2628 964 2721 doceb0,
988 2629 1109 2700 multis
1133 2654 1242 2726 quam
1264 2644 1303 2700 tu
1331 2631 1432 2698 annis

409 2779 427 2815 «
444 2766 533 2821 natu
560 2752 740 2848 grandior.
760 2757 990 2824 Consuerunt
1009 2758 1084 2852 ipsa
1112 2759 1336 2824 somniorum
1359 2758 1431 2824 visa

407 2904 424 2938 a
442 2873 647 2973 plerunque
665 2877 752 2946 oriri
770 2901 814 2947 ex
837 2881 888 2948 eis
912 2904 992 2975 quae
1011 2883 1093 2974 quis
1114 2903 1180 2976 per
1197 2877 1292 2948 diem
1314 2893 1432 2948 mente

408 3003 600 3096 «agitavit.
622 3004 697 3072 Nos
717 3016 839 3072 autem
862 3000 995 3073 nudius
1013 3008 1141 3074 tertius
1164 3001 1431 3100 expeditionem

406 3153 423 3188 a
443 3123 535 3194 hanc
569 3141 694 3198 contra
727 3131 903 3198 Graeciam
942 3131 1036 3198 inter
1065 3151 1193 3198 manus
1219 3142 1253 3198 et
1282 3125 1431 3223 quidem

410 3277 427 3313 a
448 3247 682 3320 vehementer
708 3249 952 3321 habuimus.»

456 3377 533 3442 Ηοο
579 3398 755 3470 perquam
798 3374 997 3472 prudenter
1032 3373 1170 3446 dictum
1207 3379 1431 3448 somniorum

401 3480 587 3590 originem
611 3503 752 3571 ratione
769 3505 852 3571 satis
871 3499 1054 3597 probabili
1073 3500 1236 3597 explicat.
1261 3498 1328 3570 Sed
1348 3498 1430 3569 crim

405 3616 571 3693 homines
591 3628 731 3719 antiqui
756 3625 877 3695 multis
897 3625 1059 3696 obstricti
1084 3639 1200 3694 essent
1224 3623 1431 3711 erroribus,

360 3721 378 3754 ⁰
405 3743 613 3815 Herodotus
628 3749 704 3844 ipse
721 3771 794 3818 non
814 3748 958 3820 dubitat
978 3755 1114 3820 somnia
1143 3748 1308 3846 quaedam
1336 3748 1428 3818 divi-

404 3873 500 3938 nitus
522 3871 676 3942 oriunda
697 3897 771 3944 esse
796 3887 849 3943 τοῦ
873 3877 938 3944 θεοῦ
956 3879 1094 3970 μετέχον.
1121 3879 1184 3944 His
1211 3878 1308 3944 enim
1338 3888 1427 3944 tem·

436 4162 514 4216 1νη,
535 4156 574 4203 to.
595 4154 704 4216 interpr.
723 4155 799 4206 taur.
817 4154 885 4205 Vati.
