3484 5225
768 656 807 674 ..
829 629 867 686 37
888 657 929 673 .-

337 746 412 821 sale
428 749 613 845 conspersi
635 760 671 818 et
694 750 731 817 in
759 746 834 819 olla
857 746 1024 820 salientes
1045 762 1219 845 tanquam
1239 755 1308 822 vivi
1328 760 1362 841 ¹,

336 888 374 945 et
401 872 470 944 alia
503 870 685 967 ejusmodi
715 878 799 945 satis
827 898 1010 972 superque
1039 872 1200 945 indicant
1228 888 1363 971 quanta

338 1024 421 1071 cum
447 996 619 1072 facilitate
646 997 853 1071 Herodotus
878 997 933 1071 vel
961 1003 1200 1097 ineptissimas
1224 1022 1384 1097 nugas„

338 1123 402 1196 ubi
429 1119 702 1211 interciderent,
722 1128 825 1220 operi
846 1148 916 1194 suo
936 1126 1181 1195 immiscuerit.

337 1320 341 1328 ,
387 1254 527 1319 Horum
543 1246 796 1346 prodigiorum
814 1248 882 1319 alia
899 1250 1010 1319 animi
1034 1246 1240 1330 oblectandi
1254 1272 1364 1329 carisa

338 1396 360 1446 a
380 1371 535 1445 credulis
558 1372 872 1470 propagabantur3
901 1370 962 1443 sed
985 1376 1107 1469 negari
1125 1376 1251 1469 nequit
1271 1376 1366 1442 Grae·

338 1521 400 1570 cos
433 1512 470 1569 et
498 1500 622 1567 Persas
653 1521 824 1594 maguam
850 1495 962 1567 fidem
991 1500 1196 1595 praestitisse
1211 1500 1266 1567 ¹iis
1283 1522 1364 1592 quae

340 1621 468 1693 harioli
509 1627 597 1693 extis
630 1625 861 1694 victimarum
895 1625 1066 1718 inspectis
1105 1618 1359 1719 praedicebant.

338 1744 436 1836 Quid
463 1759 584 1817 autem
611 1768 696 1816 sane
726 1748 840 1842 magis
867 1748 943 1815 risu
972 1743 1122 1841 dignum
1155 1724 1280 1841 quam·
1296 1759 1365 1818 sta·

338 1885 440 1945 tuere
473 1848 746 1941 similitudinem
772 1874 865 1940 inter
886 1873 1002 1941 carnis
1029 1869 1144 1942 frusta
1172 1886 1207 1941 et
1233 1896 1362 1971 pugnae
1437 1868 1438 1871 '

338 1991 546 2064 fortunam?
567 1990 630 2062 sed
646 1990 866 2087 imaginandi
887 1989 1060 2082 facultas,
1082 2019 1224 2093 semper
1248 1991 1363 2067 futuri

339 2115 488 2215 cupida,
516 2115 633 2187 aliena
655 2131 731 2186 erat
750 2140 769 2186 a
785 2115 924 2213 vulgari
944 2113 1152 2211 prudentia,
1182 2142 1264 2213 quae
1287 2140 1360 2189 nou

338 2235 475 2308 divinat
491 2233 554 2306 sed
568 2234 759 2334 praevidet,
775 2260 856 2332 quae
871 2240 1099 2334 experientiae
1113 2236 1179 2309 soli
1193 2235 1359 2326 confidit,

339 2383 419 2455 quaa
443 2381 511 2427 uec
530 2362 741 2455 promittere
766 2354 856 2426 solet
883 2380 949 2426 nec
974 2359 1121 2445 minari,
1141 2382 1208 2428 nec
1225 2356 1360 2456 proba·

336 2481 425 2553 bilia
451 2506 520 2579 pro
544 2485 650 2551 certis
675 2478 818 2550 habere.
841 2481 923 2569 Qua
949 2479 1128 2575 neglecta,
1155 2478 1361 2551 decretoriae

339 2600 570 2675 oraculorum
588 2626 694 2672 voces
719 2599 1012 2696 requirebantur,
1037 2594 1361 2700 praedictionesque

340 2720 620 2820 irrefragabilem
650 2735 737 2791 tunc
763 2718 913 2792 cuilibet
936 2718 1130 2792 mendaciis
1158 2746 1250 2820 opus
1276 2735 1361 2794 erat.

387 2852 491 2937 Erat,
506 2859 654 2917 auctore
678 2844 885 2934 Herodoto,
905 2851 1009 2940 quasi
1033 2843 1220 2941 quoddam
1238 2872 1363 2945 super·

341 2971 493 3039 stitionis
519 2980 700 3037 certamen
729 2967 873 3035 Graecos
902 2971 995 3034 inter
1023 2979 1058 3035 et
1087 2968 1219 3036 Persas.
1245 2969 1361 3062 Magi,

340 3091 456 3160 Xerxe
480 3110 563 3158 cum
589 3090 747 3156 exercitu
769 3083 1037 3182 proficiscente,
1066 3108 1180 3180 equos
1196 3083 1297 3158 albos
1314 3083 1360 3156 ad

341 3215 569 3310 Strymonem
583 3209 737 3281 fluvium
755 3207 1009 3296 sacrificantes,
1025 3191 1183 3280 faustum
1202 3233 1247 3279 ex
1259 3213 1363 3296 intes·

341 3338 424 3407 tinis
453 3339 587 3405 exitum
617 3331 892 3433 augurabantur
907 3342 933 3402 ².
959 3335 1049 3402 Ante
1073 3355 1232 3429 pugnam
1262 3328 1361 3428 apud

341 3456 936 3555 Plataeasuterqueexercitusnihil
949 3457 1069 3528 moliri
1080 3453 1251 3545 audebat,
1261 3445 1362 3551 qudd

341 3579 515 3656 sacrificia
532 3585 720 3654 certamini
735 3580 924 3652 obstarent
945 3585 1178 3680 pertinaciter
1191 3573 1217 3650 ³.
1236 3585 1364 3678 Leoty-

334 3705 476 3804 ¹chydes
493 3721 529 3778 et
551 3711 773 3806 xantippus,
787 3705 904 3777 'bonis
928 3709 1096 3804 auspiciis
1114 3706 1259 3778 classem
1282 3710 1363 3775 Per-

342 3849 463 3905 sarum
486 3831 650 3904 celeriter
661 3813 857 3929 persecuti,
881 3833 1066 3903 victoriam
1085 3829 1181 3930 apud
1199 3826 1362 3927 Mycalen
1458 3867 1460 3874 ·

374 4077 381 4102 ¹
400 4074 472 4141 lter„
484 4088 525 4140 rx,
538 4079 591 4128 tta.

376 4173 386 4210 ³
404 4177 477 4238 tter„
492 4186 547 4240 ιιι,
564 4177 619 4227 tte.
632 4172 686 4214 -⁸
702 4175 775 4238 tter„
789 4175 829 4238 ιι,
841 4175 883 4238 aa,
894 4173 935 4236 aa,
946 4172 987 4222 oo.
