3484 5225
761 668 800 685 ..
822 641 854 697 51
885 670 919 683 -

329 777 421 841 sime
450 774 487 839 in
519 791 656 865 nugas,
689 767 814 864 quales
848 768 1070 843 credulitatis
1103 769 1249 869 puerilis
1280 796 1356 845 esse

332 894 465 981 solent,
478 892 705 990 delabantur,
717 896 882 989 quamvis
896 918 976 989 quae
991 910 1110 967 mente
1123 899 1234 965 sentit
1249 899 1356 966 inter·

331 1015 420 1119 dum
439 1014 667 1115 simplicitate
680 1014 829 1086 sublimi
849 1014 1123 1089 admirationem
1144 1031 1321 1089 moveant.

741 1267 966 1279 ραι-ι--κ

659 1505 788 1587 Plus
824 1506 1034 1587 TERTIA.

687 1724 725 1769 lle
736 1726 848 1770 nmine
861 1725 1002 1771 invidioso.

372 1891 637 1972 'Praemisimus
672 1900 851 1973 Herodoti
881 1892 1047 1974 notiones
1074 1902 1200 2000 quales
1227 1903 1358 1977 luerint

338 2030 430 2097 circa
456 2050 575 2097 mores
598 2040 634 2095 et
659 2006 948 2124 philosophiam
968 2033 1115 2126 vestigia
1131 2054 1256 2101 sumus
1275 2055 1356 2128 per·

337 2154 449 2221 secuti
463 2154 762 2248 superstitionum
783 2150 1046 2247 religiosarum,
1068 2177 1149 2249 quae
1166 2152 1237 2224 illis
1257 2158 1355 2250 vige·

340 2273 427 2346 bant
444 2274 682 2372 temporibus,
703 2289 739 2344 et
755 2279 792 2343 in
808 2276 929 2345 auimo
948 2278 1061 2374 ipsius
1073 2282 1230 2349 auctoris
1246 2284 1358 2349 nostri

334 2400 454 2469 'insitae
479 2414 592 2471 erant.
622 2403 699 2469 Jam
723 2397 991 2471 consideremus
1017 2403 1224 2497 opinionem
1248 2425 1359 2497 quam

344 2519 567 2594 babueritde
578 2547 699 2595 rerum
715 2521 960 2595 humanarum
973 2530 1008 2594 in
1026 2528 1236 2595 universum
1250 2524 1363 2597 admi·

340 2653 564 2720 nistratione.
595 2652 636 2719 Iu
649 2647 741 2719 duas
754 2675 896 2748 semper
910 2675 965 2720 res
979 2647 1219 2738 offendemus,
1244 2649 1359 2722 fatum

343 2786 388 2842 et.
407 2797 540 2843 numen
559 2771 797 2863 invidiosum,
822 2778 858 2844 τὸ
882 2777 957 2844 θεῖον
982 2777 1130 2870 φθονερόν,
1155 2801 1236 2870 quae
1265 2775 1363 2873 apud

342 2895 568 2966 Herodotum
593 2901 681 2968 tanti
705 2903 878 2968 momenti
901 2913 985 2968 sunt
1008 2915 1049 2970 ut
1070 2923 1129 2970 eas
1150 2899 1361 2997 explicatius

344 3020 533 3092 enucleare
558 3045 707 3092 necesse
726 3027 783 3092 sit.
802 3027 935 3092 Gentes
947 3027 1128 3117 antiquae,
1147 3021 1230 3094 licet
1249 3021 1363 3121 pluri·

345 3167 424 3214 mos
450 3143 539 3214 deos
564 3143 774 3226 adorarent,
806 3167 951 3215 causam
980 3168 1209 3242 supremam,
1247 3143 1359 3218 latum
1435 3186 1437 3191 ,

345 3291 410 3338 seu
434 3267 616 3340 fortunam
636 3283 701 3340 aut
722 3292 864 3360 casum,
883 3272 1034 3360 existere
1058 3283 1264 3356 senserunt,
1282 3291 1363 3364 qttae

327 3397 421 3462 sine
435 3388 697 3490 'provocatione
715 3417 770 3464 res
786 3393 963 3464 humanas
986 3395 1097 3490 regit,
1116 3392 1259 3488 diisque
1276 3395 1363 3490 ipsis

344 3517 540 3590 voluntatis
558 3543 632 3590 suae
650 3524 896 3588 necessitatem
918 3517 1107 3615 iujungit¹.
1135 3522 1212 3588 Jarn
1234 3517 1320 3588 inde
1344 3542 1364 3589 a

313 3660 318 3666 ·
346 3649 525 3743 principio
542 3648 687 3716 Graeciae
710 3647 903 3741 scriptores
923 3647 1119 3740 potentiam
1141 3667 1364 3742 supremam,

346 3771 463 3865 μοίρας,
479 3772 672 3864 εἱμαρμένης,
686 3773 886 3863 πεπρωμένης
901 3767 1109 3840 nominibus
1122 3780 1361 3865 agnoverunt,

346 3899 397 3965 ita
413 3917 519 3964 sensu
536 3890 717 3965 abstracto
736 3890 912 3988 fingentes
929 3890 998 3962 sibi
1016 3891 1093 3986 ejus
1114 3893 1282 3988 potentiae
1300 3913 1364 3960 uo·

378 4095 493 4151 'Tacit.,
512 4096 591 4156 Anu,
605 4107 645 4156 vr,
664 4083 703 4144 ea.
716 4094 810 4154 (licen,
830 4092 863 4142 de
881 4093 946 4150 Fut..
965 4101 1024 4150 xtx,
1045 4091 1084 4140 ta.
1107 4088 1145 4140 Gi.
1166 4089 1298 4140 Crerrzer:
1321 4088 1365 4137 die

348 4173 500 4224 historische
514 4174 596 4224 Konst
608 4173 655 4223 der
670 4173 807 4233 Gricclrcn,
821 4186 844 4234 p.
868 4172 921 4230 151,
936 4183 990 4232 sqq.
