3484 5225
758 644 990 699 ...61-

401 800 418 837 11
432 769 587 868 dignitas
611 794 677 841 sua
703 767 930 867 postulabat,
960 773 996 841 in
1021 766 1259 843 calamitatem
1286 773 1420 845 incide-

401 928 418 961 «
437 912 538 986 runt,
559 902 644 993 quia
667 898 764 967 Deus
787 901 970 967 neminem
989 896 1101 968 alium
1125 920 1235 993 quam
1260 900 1418 996 seipsum

400 1054 417 1089 11
433 1027 515 1095 sinit
529 1020 722 1120 magnifice
738 1018 784 1091 de
799 1024 998 1093 sesentire.
1016 1052 1032 1087 1
1049 1024 1239 1119 Nusquam
1254 1046 1334 1094 vere
1352 1028 1419 1095 He·

396 1146 548 1218 rodotus
561 1145 703 1244 planius
717 1150 864 1243 exponit
879 1169 980 1217 suam
995 1144 1039 1216 de
1052 1170 1096 1215 1ο
1112 1144 1182 1216 deo
1197 1148 1417 1245 opinionem,

396 1271 580 1366 cujusvis,
597 1284 721 1342 contra
741 1294 979 1367 quaecumque
993 1273 1029 1339 iu
1047 1269 1162 1341 altum
1182 1269 1349 1361 tendunt,
1366 1276 1417 1343 iu·

394 1395 550 1467 vehitur.
611 1415 615 1421 ·

443 1525 644 1616 Antequam
673 1517 721 1589 ad
747 1518 886 1591 bellum
914 1517 1093 1589 medicum
1125 1519 1346 1592 narrandum
1377 1547 1415 1592 se

393 1650 565 1742 accingit,
595 1646 699 1741 cujus
725 1658 855 1714 eventu
891 1667 978 1740 opes
1012 1656 1051 1715 et
1080 1640 1192 1715 fastus
1223 1644 1415 1715 bominum

392 1771 617 1867 apertissime
642 1768 900 1855 deturbantur,
920 1772 1059 1839 animos
1083 1784 1124 1841 ut
1147 1768 1333 1841 attendant
1354 1768 1414 1841 de·

392 1918 468 1966 nuo
500 1899 624 1964 incitat
660 1891 888 1981 Herodotus,
925 1902 1040 1988 quum
1074 1894 1231 1965 ostendit
1260 1898 1412 1967 Xerxem

392 2022 588 2092 exercitum
607 2033 642 2087 et
658 2018 806 2089 classem
824 2015 1132 2115 contemplantem
1152 2028 1163 2061 ¹
1182 2033 1235 2090 tot
1252 2024 1412 2115 gentium

390 2143 457 2216 sibi
476 2142 704 2214 subditarum
729 2138 936 2240 spectaculo
962 2140 1125 2231 ebrium,
1145 2156 1180 2213 et
1197 2142 1412 2243 paulopost

390 2268 436 2341 de
454 2273 531 2337 vitae
551 2266 724 2336 brevitate
747 2252 958 2335 funde'utem
979 2262 1164 2361 lacrymas.
1183 2270 1285 2338 Tunc
1305 2277 1408 2340 Arta·

390 2390 507 2462 banus
521 2415 605 2461 eum
624 2388 825 2484 alloquitur
840 2389 895 2458 his
909 2386 1039 2459 verbis:
1064 2418 1080 2454 tt
1100 2389 1175 2462 Alia
1197 2396 1232 2461 in
1255 2392 1409 2465 vivendo

393 2550 411 2586 (1
428 2517 521 2589 mala
539 2535 656 2588 morte
673 2514 859 2587 acerbiora
878 2521 1044 2613 patimur.
1062 2520 1152 2587 Nam
1170 2524 1206 2589 in
1224 2532 1297 2590 tam
1312 2518 1410 2591 brevi

393 2676 411 2710 α
426 2649 497 2715 vita
509 2643 632 2714 nullus
646 2642 835 2713 hominum
851 2639 945 2712 adeo
960 2639 1042 2712 felix
1057 2647 1201 2731 exstitit,
1219 2667 1338 2740 neque
1349 2645 1412 2715 bo·

394 2799 412 2834 α
428 2793 507 2839 rum
526 2791 645 2862 neque
667 2765 834 2851 aliorum,
850 2769 909 2835 cui
933 2791 1004 2835 nou
1027 2767 1169 2855 0111110,
1196 2767 1331 2839 nedum
1356 2793 1409 2840 se·

394 2923 412 2958 α
429 2888 699 2973 11111,”1111)111111
726 2893 772 2959 sit
797 2893 920 2960 auimo
945 2891 1123 2960 moriendi
1149 2892 1314 2964 voluntas
1345 2919 1408 2989 po·

393 3050 410 3084 a
428 3024 497 3089 tius
512 3041 623 3114 quam
638 3014 787 3086 vivendi.
807 3013 1006 3084 incidentes
1023 3019 1117 3085 enim
1139 3015 1357 3089 calamitates
1374 3033 1409 3089 et

394 3175 411 3210 α
428 3143 547 3214 morbi
566 3148 674 3212 vitam
702 3139 937 3238 perturbaut3
961 3137 1198 3237 efficiuntque
1232 3156 1273 3212 ut
1298 3165 1406 3238 quarn

394 3299 411 3334 1
428 3267 546 3340 brevis
560 3270 618 3352 sit,
637 3278 756 3336 tamen
779 3264 950 3361 perlonga
969 3262 1141 3336 videatur.
1161 3270 1213 3336 Ita
1234 3291 1331 3336 mors
1348 3291 1411 3364 op·

393 3396 637 3464 citatissimum
657 3403 708 3459 est
728 3385 934 3486 perlugium
961 3412 1169 3460 aerumnosae
1186 3396 1274 3474 vitae,
1299 3415 1408 3486 quam

394 3547 412 3582 1
428 3516 518 3587 deus
534 3514 631 3586 dulci
645 3529 751 3610 gustu
770 3536 980 3609 aspergeuS‚
1003 3511 1051 3584 ob
1069 3515 1103 3583 id
1123 3515 1277 3586 iuvidius
1293 3514 1409 3588 facere

385 3672 412 3706 1«
428 3638 721 3739 deprehenditur.
739 3669 755 3703 1

439 3773 502 3838 1111
527 3768 575 3836 ita
596 3765 801 3862 praemissis,
823 3778 939 3835 cetera
958 3767 1122 3859 sequenti
1143 3789 1263 3834 rerum
1284 3789 1408 3837 narra·

393 3899 489 3964 tione
501 3889 753 3963 coniiciuntur.
771 3891 902 3958 Xerxes
916 3911 1058 3986 nempe,
1076 3913 1135 3958 rex
1150 3913 1289 3986 regum,
1306 3896 1409 3961 Asiae·

390 4043 462 4116 que
477 4016 697 4101 dominator,
714 4017 778 4109 qui
796 4037 878 4084 eum
892 4017 1005 4111 copiis
1021 4038 1103 4110 quae
1113 4012 1244 4084 ssuvios
1255 4020 1407 4087 exsicca·

325 4167 329 4174 ·
424 4194 429 4220 ¹
451 4192 521 4246 tter,
540 4190 648 4246 111116,
