3484 5225
747 622 783 635 ..
806 594 845 661 27
866 599 907 639 ·..

230 761 234 766 ·
311 737 434 813 mant,
467 720 760 819 conditionisque
800 700 1005 797 communis
1046 725 1332 818 vicissitudines,

310 848 424 944 idque
444 871 585 944 semper
611 846 719 919 alicui
735 862 861 919 nostro
878 848 1090 949 commodo,
1111 866 1194 923 ante
1210 852 1337 923 oculos
1421 834 1423 839 ¹

253 1005 259 1013 ·
313 988 467 1071 ponant.
489 999 507 1042 «
524 974 693 1063 Quae,ut
705 974 823 1070 ipsius
839 972 951 1044 verba
969 972 1139 1063 referam,
1157 974 1245 1047 olim
1262 1001 1336 1055 ma·
1423 986 1426 991 '

311 1128 329 1165 «
351 1122 427 1195 gnae
448 1112 549 1170 erant
575 1098 748 1187 civitatee,
768 1121 893 1174 earum
913 1098 1102 1196 permultae
1129 1096 1228 1171 factae
1251 1115 1336 1179 sunt

314 1253 333 1289 (ι
353 1246 491 1320 parvae3
508 1246 633 1293 rursus
644 1248 725 1319 quae
743 1247 823 1294 mea
833 1227 1010 1303 memoria
1023 1247 1160 1319 magnae
1173 1203 1345 1313 lueruntf

316 1350 456 1444 «prius
474 1341 617 1425 fuerant
633 1369 762 1441 parvae.
796 1348 910 1442 Igitur
933 1369 1049 1440 quum
1071 1349 1180 1417 sciam
1207 1344 1339 1421 huma-

237 1556 241 1561 ,
312 1498 329 1533 r
347 1493 431 1540 nam
452 1466 659 1539 felicitatem
673 1491 906 1563 nequaquam
922 1472 958 1539 in
974 1466 1102 1541 eodem
1117 1482 1241 1543 tenore
1253 1494 1336 1566 per·

311 1626 328 1664 a
346 1610 458 1681 stare,
480 1598 673 1689 utriusque
697 1591 850 1668 fortunoe
872 1600 1093 1667 mentionem
1108 1593 1254 1675 habebo
1271 1604 1296 1669 ¹.
1315 1626 1333 1661 a

313 1722 372 1791 Sic
400 1721 509 1815 igitur
538 1723 575 1786 in
598 1715 1229 1814 Herodoto'quidquid,hominibus
1255 1734 1335 1791 tum

311 1842 403 1915 male
423 1868 507 1913 cum
529 1841 622 1913 bene
632 1848 769 1931 evenit,
796 1844 956 1912 historiae
973 1848 1135 1941 inservit,
1155 1844 1330 1943 amplam·

312 1990 385 2062 qne
399 1965 534 2062 praebet
551 1969 678 2083 opimis
693 1964 886 2035 edocendis
905 1972 1102 2038 materiam.

363 2095 445 2161 Uno
462 2094 573 2185 igitur
591 2089 739 2178 obtutu,
756 2095 785 2159 si
802 2094 924 2159 omnia
939 2114 1021 2185 quae
1036 2090 1242 2161 Herodotus
1259 2117 1335 2161 sen·

312 2219 355 2284 tit
372 2228 407 2284 et
427 2219 646 2311 pronunciat
666 2202 766 2285 circa*
782 2238 822 2284 ea
848 2239 932 2309 quae
952 2220 1082 2309 quovis
1101 2229 1264 2313 tempore
1287 2214 1333 2284 ab

311 2338 521 2410 hominibus
542 2338 634 2411 facta
657 2354 756 2430 sunt,
775 2336 1017 2437 amplectaris,
1037 2338 1177 2410 videbis
1193 2339 1270 2410 haec
1287 2339 1333 2410 ab

313 2464 485 2535 historico
497 2468 678 2563 praecipue
692 2463 956 2554 commendari,
977 2463 1129 2534 scilicet:
1144 2488 1334 2560 nunquam

311 2615 380 2660 nec
398 2615 420 2662 a
437 2595 568 2688 pieta-te
592 2615 676 2687 erga
698 2588 785 2660 deos
803 2614 869 2660 nec
893 2615 912 2660 a
935 2590 1072 2684 justitia
1089 2587 1333 2660 recedendum

311 2739 410 2803 esse3
429 2729 465 2794 et
481 2712 687 2786 felicitatem
705 2713 939 2787 domesticam
958 2719 1089 2786 virtute
1104 2719 1224 2785 nixam
1245 2740 1333 2813 prae·

310 2836 493 2915 ferendam
516 2863 591 2910 esse
612 2842 655 2913 iis
680 2863 772 2934 quas
795 2861 886 2935 opes
907 2851 942 2908 et
965 2838 1078 2934 gloria
1098 2837 1333 2936 suppeditant

311 2960 560 3061 voluptatibus
595 2938 705 3070 atque
742 2960 1007 3061 emolumentis.
1039 2967 1120 3031 Haec
1156 2977 1333 3058 praecepta

269 3165 275 3172 q
311 3110 331 3156 e
358 3111 502 3156 morum
527 3084 715 3183 disciplina
742 3083 915 3172 deducta,
936 3089 1057 3162 sinon
1083 3089 1175 3154 intra
1199 3080 1331 3152 scholae

310 3207 461 3304 alicujus
483 3190 616 3283 limites
643 3221 727 3278 sunt
748 3210 1040 3305 circumscripta,
1070 3205 1187 3277 nihilo
1213 3222 1331 3278 tamen

310 3357 411 3405 secus
440 3332 666 3405 Herodotum
698 3358 806 3402 omne
838 3330 1046 3403 officiorum
1082 3332 1332 3427 virtutumque

312 3481 447 3556 corpus
478 3456 663 3556 cognitum
702 3457 871 3531 habuisse
899 3481 968 3556 pro
995 3471 1094 3526 certo
1120 3455 1330 3528 habendum

313 3598 385 3672 est,
410 3583 547 3680 quibus
569 3582 735 3656 adunatis
759 3607 891 3655 novam
915 3586 1101 3655 scientiam
1127 3607 1245 3654 creare
1267 3585 1331 3652 So·
1434 3563 1436 3569 ¹

312 3710 401 3779 crati
429 3733 502 3805 prae
526 3713 654 3779 ceteris
682 3723 901 3781 reservatum
927 3722 1012 3786 erat.
1042 3713 1151 3783 Recte
1181 3706 1329 3804 quidem

311 3831 517 3904 Herodotus
546 3832 621 3906 haec
650 3837 830 3932 principia
856 3831 942 3920 inde
974 3857 995 3904 a
1023 3832 1133 3928 longo
1169 3848 1331 3926 tempore

311 3971 399 4028 nota
423 3955 530 4030 fuisse
553 3957 658 4050 dicit3
684 3983 872 4056 uunquam
897 3962 992 4030 enim
1015 3959 1137 4053 generi
1166 3955 1326 4026 humano

343 4141 350 4168 ¹
369 4134 441 4195 Her,
460 4145 481 4196 r,
502 4137 526 4185 5.
