3484 5225
743 640 903 693 -ts-

311 768 510 843 sistratidas
520 768 753 868 expellendos
765 769 845 867 plus
856 766 1013 839 effecisse
1026 765 1114 841 dicit
1127 792 1236 864 quum
1248 747 1334 841 'ttarss
1392 762 1395 768 ’

314 895 478 967 modium
496 909 531 966 et
550 893 839 992 Aristogitonem.
855 899 894 963 Iu
912 907 1011 965 tanto
1026 898 1133 991 etiam
1149 892 1333 969 coaluisse

311 1010 411 1118 apud
438 1014 670 1104 Athenienses
693 1018 834 1089 h'o'nore
857 1020 893 1090 e't
915 1020 1090 1107 amicitia,
1115 1032 1156 1091 ut
1184 1043 1334 1116 prorsus

309 1135 502 1217 uerisimile
521 1123 807 1241 non'sit'clypeo
828 1144 890 1215 cos
906 1140 1053 1237 subluto
1066 1144 1182 1247 Persis
1199 1143 1333 1217 auxilio

312 1260 429 1345 luisse.
451 1261 572 1366 Atqui,
592 1268 740 1365 subjicit
756 1266 984 1360 Herodotus,
1004 1266 1154 1366 clypeus
1169 1282 1333 1341 ostensus

312 1391 469 1490 quidem
480 1408 549 1485 est3
568 1393 630 1465 sed
646 1416 756 1490 aquo
771 1406 949 1483 ostensus,
966 1394 1156 1493 incertum.
1176 1460 1178 1465 ,

314 1538 319 1548 ’
362 1511 500 1590 Eodem
509 1516 633 1590 ‘studio
648 1515 725 1615 quo
738 1516 1000 1591 Alcmaeonidas
1009 1520 1235 1591 accusatione
1247 1516 1335 1590 libe·

313 1652 390 1733 r'at,
409 1643 502 1715 male
517 1641 655 1731 factum
669 1640 845 1741 Ephialtis
862 1646 927 1739 qui
944 1664 1009 1741 per
1023 1640 1153 1715 saltum
1168 1642 1335 1741 Trachy-

313 1769 559 1841 niun1·Persas
578 1769 716 1841 circum
735 1767 897 1840 montem
915 1768 1048 1841 ouum
1061 1766 1333 1863 deduxeratar·

314 1896 415 1989 guit,
440 1892 589 1965 diceus¹
608 1890 685 1965 'nec
702 1892 809 1986 Orieti
831 1894 996 1991 Carystio
1017 1888 1142 1995 neque
1154 1892 1334 1991 Corydalo

315 2016 557 2115 Anticyrensi,
578 1994 641 2089 sed
658 2012 815 2116 Ephialti
837 2042 858 2090 a
878 2018 1060 2117 Pylagoris
1076 2021 1280 2117 proscripto
1297 2018 1334 2090 id

314 2141 589 2214 attribuendum
613 2166 704 2216 esse.
733 2140 878 2235 Quibus
895 2148 1101 2242 praemissis,
1129 2144 1201 2215 hoc
1224 2142 1335 2214 modo

314 2264 524 2339 concludit:
540 2296 557 2334 α
573 2267 759 2367 Ephialtes
769 2266 939 2357 iudicavit
950 2273 1065 2339 Persis
1078 2270 1258 2361 tramitem
1271 2272 1335 2363 qui

256 2484 259 2488 ⁵
316 2421 337 2457 r
357 2387 422 2490 per
446 2408 607 2466 montem
629 2392 682 2479 ad·
692 2392 954 2491 Thermopylas
964 2390 1128 2487 ‚ferebat-2
1148 2391 1241 2465 hanc
1256 2391 1334 2465 cul·

311 2515 336 2581 ἀ
354 2541 437 2617 pam
447 2516 621 2616 Ephialtae
628 2516 919 2590 adscriboaoueov
934 2519 1026 2588 αἴτιον
1039 2526 1156 2615 γράφω.
1172 2515 1334 2589 »Eadem

314 2649 483 2739 acquitate
512 2663 555 2716 ac
579 2647 784 2716 sinceritate
812 2643 971 2733 militum
990 2642 1134 2716 fortiter
1161 2643 1336 2716 dimicari*

316 2767 418 2839 dium
442 2775 663 2855 mentionem
689 2769 792 2860 lacit,
812 2764 1013 2868 'populive'
1032 2773 1102 2866 qui
1123 2767 1335 2863 fortitudine

316 2899 409 2966 inter
429 2911 568 2966 ceteros
585 2887 771 2985 excelluit,
792 2897 944 2990 ἀριστείαν
962 2893 1172 2990 dignissimo
1194 2920 1336 2993 semper

316 3015 467 3098 cuilibet
480 3019 687 3092 tribuendo.
705 3018 804 3109 Quid
819 3018 920 3115 quod
934 3032 970 3090 et
982 3023 1171 3104 Persarum
1180 3018 1336 3116 pulchre

314 3143 406 3216 facta
431 3159 504 3218 non
528 3135 781 3242 elevatusque
797 3131 1017 3235 dissimulat,
1048 3157 1178 3242 utpote
1202 3147 1269 3238 qui
1288 3141 1335 3214 ad

314 3259 480 3366 Mycalen
496 3294 558 3342 eos
584 3257 656 3341 non
681 3275 801 3342 minus
815 3268 927 3342 fortes
945 3293 982 3340 se
999 3274 1205 3368 praestitisse
1223 3292 1335 3364 quam

314 3398 457 3468 Graecos
474 3397 571 3494 ipsos
585 3393 751 3484 fateatur,
768 3394 806 3466 id
823 3419 977 3492 quoque
996 3393 1166 3490 adjiciens
1181 3405 1195 3438 ²
1213 3396 1336 3492 copias

315 3517 505 3591 auxiliares
522 3531 559 3590 et
569 3523 686 3590 socios
703 3524 739 3590 in
756 3534 887 3617 pugnae
900 3517 1105 3606 discrimine
1117 3518 1163 3606 ab
1180 3523 1223 3592 iis
1240 3517 1335 3592 dese·

315 3646 415 3716 cisse.
436 3649 514 3716 Imo
530 3635 638 3716 Xerxi
655 3649 724 3743 ipsi
741 3643 822 3716 laus
841 3647 970 3728 merita
993 3643 1206 3736 noudeest,
1227 3641 1334 3743 Spar·
1390 3671 1413 3710 κ

321 3772 411 3841 tanis
430 3774 467 3841 in
482 3769 669 3868 piaculum
683 3769 887 3867 legatorum
902 3765 1076 3844 caesorum
1087 3795 1164 3843 sese
1181 3767 1334 3858 offeren-

315 3892 411 3964 tibus
435 3899 633 3991 ignoscenti
658 3888 687 3984 3,
715 3909 757 3964 ut
781 3917 848 3966 nec
869 3887 1031 3966 severior
1057 3907 1150 3963 nota.
1166 3890 1334 3974 Leonidae

347 4110 353 4136 ¹
372 4103 445 4161 Her,
460 4113 511 4162 ru,
531 4105 569 4151 u.

346 4199 354 4224 ²
374 4197 423 4259 lu,
442 4209 486 4257 rx,
506 4199 560 4247 tot.
577 4223 608 4235 -
626 4197 636 4226 ³
655 4196 766 4260 td.,vn,
784 4201 841 4258 238,
862 4201 914 4246 tau
