3484 5225
763 613 923 667 ..35-

328 740 422 812 hanc
438 742 640 827 scientiam,
652 743 803 837 proprio
816 738 1186 837 uomineauguralem
1199 740 1348 831 dictam,

331 888 413 961 quae
438 889 479 949 ex
496 866 619 937 avium
642 863 786 953 volatu,
816 890 836 934 e
861 868 1091 940 victimarum
1115 870 1222 955 extis,
1242 863 1351 941 eful-

332 993 447 1079 mine‚
465 1014 542 1063 unc
568 988 684 1061 verbo
699 1013 743 1060 ex
767 988 939 1062 omnibus
964 992 1007 1061 iis
1028 984 1109 1087 quae
1138 987 1353 1065 videbantur

332 1113 558 1215 prodigiosa,
590 1112 814 1187 volunta-tem
843 1113 999 1187 deorum
1031 1113 1352 1213 interpretabatur.

331 1237 402 1313 Sed
417 1238 503 1313 licet
515 1240 604 1334 jam,
623 1238 797 1314 Herodoti
818 1238 1056 1339 temporibus,
1076 1239 1286 1340 deceptores
1305 1244 1357 1313 in·

334 1362 548 1459 credulique
575 1377 692 1435 esseut
721 1361 815 1435 bene
838 1360 963 1451 multi,
998 1362 1259 1460 plerorumque
1286 1361 1356 1435 ho·

326 1493 474 1561 ‘minum
504 1486 577 1559 fide
604 1512 679 1561 non
712 1486 884 1560 carebant
915 1510 1085 1583 augures,
1117 1486 1160 1558 et'
1184 1482 1357 1563 onintbus

335 1612 599 1685 hariolantibus
624 1611 757 1711 vulgus
790 1626 926 1686 temere
954 1610 1223 1685 assentiebatur.
1250 1612 1357 1687 Multi

335 1743 443 1812 etiam
461 1744 529 1814 viri
549 1740 723 1836 sapientia
744 1762 820 1814 non
845 1736 983 1834 vulgari
1006 1733 1161 1834 praediti,
1186 1752 1228 1813 ut
1243 1740 1358 1811 Hero·

337 1863 462 1952 dotus,
492 1878 535 1937 ut
560 1863 789 1962 Xenophon,
819 1878 861 1933 ut
878 1866 1090 1948 Pausanias,
1109 1887 1182 1935 non
1209 1886 1356 1961 parvam

336 1988 422 2061 huic
447 1993 516 2061 arti
541 1988 653 2061 fidem
681 1987 899 2061 habueruut.
928 1986 1025 2078 Quid
1068 1986 1196 2086 plura?
1230 2012 1359 2063 omnes

336 2113 478 2213 populi,
497 2139 658 2212 quorum
666 2111 876 2185 Herodotus
892 2116 1113 2183 mentionem
1127 2110 1225 2203 facit,
1240 2111 1358 2185 eidem

337 2242 581 2337 superstitioni
599 2234 848 2312 adhaerebant.

385 2392 404 2429 a
419 2366 571 2453 Quoties
584 2364 682 2461 genti
694 2364 903 2436 autcivitati
915 2362 1038 2452 cuivis,
1055 2358 1361 2459 aitHerodotus1,

338 2489 500 2583 ingentes
530 2500 616 2558 sunt
647 2499 830 2557 eventurae
864 2484 1107 2575 calamitates,
1135 2499 1232 2559 certa
1258 2490 1359 2583 signa

339 2609 551 2683 antecedere
566 2608 696 2684 solent.
719 2614 860 2684 Etenim
876 2608 976 2684 Chiis
995 2625 1077 2683 ante
1096 2635 1197 2686 suam
1218 2608 1360 2682 cladem
1461 2606 1468 2620 '

309 2809 312 2812 ,
341 2739 497 2832 ingentia
522 2740 623 2833 signa
646 2740 893 2832 contigerant:
910 2759 1028 2806 unum
1052 2733 1152 2831 quod
1180 2759 1223 2806 ex
1244 2733 1360 2808 choro

340 2874 487 2932 centum
522 2859 699 2956 juvenum
734 2883 828 2956 quos
864 2863 1034 2932 miserant
1067 2858 1247 2958 Delphos,
1284 2858 1361 2932 dno

340 2990 488 3063 omuino
518 2983 675 3074 rediere,
714 2989 910 3081 nonaginta
940 2997 1023 3056 octo
1053 2981 1254 3081 pestilentia
1295 2983 1360 3056 ab·

341 3115 504 3209 sumptis.
531 3110 690 3188 Alterum
712 3108 814 3207 quod
839 3108 909 3182 sub
927 3107 1023 3180 idem
1044 3121 1205 3206 tempus,
1222 3081 1362 3181 tectum

342 3259 456 3334 supra
477 3260 610 3334 pueros
637 3236 776 3309 litteras
799 3234 975 3315 discentes
995 3236 1151 3338 corruit,
1178 3237 1226 3306 ita
1251 3247 1291 3305 ut
1317 3257 1362 3305 ex

341 3374 485 3440 centum
513 3365 640 3458 viginti
661 3366 785 3459 pueris
801 3385 897 3433 unus
920 3365 1070 3434 omnino
1086 3363 1246 3432 evaserit.
1278 3363 1362 3432 Hac

342 3487 394 3557 eis
427 3487 527 3582 signa
555 3483 645 3557 deus
673 3491 967 3584 praemonstravit.
999 3489 1082 3556 Post
1112 3483 1190 3556 haec
1224 3490 1363 3585 sucepit

343 3633 465 3706 pugna
496 3608 632 3682 navalis
656 3635 738 3706 quae
765 3614 947 3685 civitatem
976 3613 1013 3682 in
1045 3634 1162 3713 genua
1185 3608 1363 3706 dejecit.»

342 3736 425 3803 Dati
463 3747 573 3829 atque
615 3735 841 3834 Artapherne
884 3734 1040 3806 Athenas
1077 3733 1360 3822 invadentibus,

344 3856 456 3929 Delos
472 3859 588 3931 insula
603 3873 706 3930 terrae
730 3874 872 3930 motum
890 3865 1019 3948 sensit,
1045 3859 1141 3929 unde
1157 3854 1364 3928 Herodotus

343 3980 453 4054 deum
481 3983 571 4055 mala
591 3987 735 4056 Graeciae
752 3998 903 4055 ventura
929 3981 1145 4082 portendere
1166 3978 1362 4053 concludit.
1436 4021 1445 4036 ·

380 4171 386 4197 ¹
407 4171 477 4229 tter„
496 4181 536 4231 vr,
555 4173 595 4218 tt.
615 4167 654 4219 Gi.
668 4169 754 4231 etiam,
771 4179 817 4229 ιιι,
831 4171 870 4216 to.
