3484 5225
814 554 974 608 ..56-

384 687 496 761 tiunt;
510 681 572 753 sed
585 688 773 755 necessitas
787 688 907 755 nescio
919 708 1001 781 quae
1011 708 1077 755 nos
1095 683 1276 756 Mardonii
1292 684 1403 757 inlor·

383 813 487 879 tunio
504 813 706 879 consociat:
724 823 777 878 est
793 823 916 879 autem
931 807 1002 880 hoc
1022 811 1060 880 in
1080 807 1291 881 hominibus
1304 835 1402 883 accr-

381 930 585 1021 bissimum,
601 956 684 1001 eum
694 936 756 1027 qui
771 932 928 1005 multum
943 936 1048 1035 sapit,
1059 936 1206 1005 minime
1217 947 1403 1032 potentem

382 1082 470 1129 esse.
491 1054 665 1143 Audimus
686 1062 947 1155 sequimurque
967 1082 1079 1129 caecos
1103 1062 1168 1155 qui
1193 1061 1230 1129 in
1256 1059 1402 1131 calami·

312 1208 315 1213 ·
381 1196 473 1254 tates
491 1186 690 1278 praecipites
713 1206 751 1251 se
776 1180 863 1253 dant
886 1179 984 1253 haud
1005 1178 1197 1253 evitandas.
1278 1187 1324 1255 Ea
1347 1198 1404 1255 est

383 1310 493 1378 tristis
512 1309 621 1402 animi
643 1304 848 1404 desperatio
861 1331 946 1377 cum
963 1330 1001 1377 sc
1026 1320 1143 1383 totum
1168 1304 1325 1379 satorum
1343 1330 1417 1396 ar-¹

383 1431 495 1504 bitrio
514 1434 701 1529 permittit.

429 1562 507 1644 Jam
526 1580 570 1626 ex
593 1556 635 1626 iis
650 1581 732 1653 quae
749 1558 1059 1653 transcripsimus,
1078 1552 1177 1626 vides
1195 1552 1257 1627 fati
1279 1558 1400 1628 notio·

381 1705 487 1770 nem,
506 1706 590 1776 quae
614 1680 661 1752 ab
686 1685 847 1751 Homero
873 1678 918 1751 ad
943 1677 1169 1750 Herodotum
1198 1684 1403 1753 transmissa

382 1820 456 1892 est,
482 1805 631 1877 diversis
655 1804 858 1876 rationibus
882 1804 1092 1903 explicatam
1115 1818 1152 1875 et
1176 1809 1403 1877 enunciatarn

385 1954 469 2001 esse.
489 1915 696 2001 Herodotus
709 1928 880 2026 quidem,
900 1934 1108 2028 opinionem
1127 1935 1285 2001 Homero
1304 1934 1400 2003 inac-

383 2078 515 2125 cessam
527 2059 755 2152 acquisierat,
770 2058 929 2125 numinis
939 2054 1283 2153 scilicetsuperioris
1295 2070 1404 2152 atquc

382 2182 492 2267 unici,
513 2192 564 2249 τοῦ
580 2181 669 2267 θείου,
690 2192 743 2250 τοῦ
764 2181 844 2267 θεοῦ,
864 2203 948 2251 cum
966 2179 1009 2249 iis
1031 2176 1204 2251 fabulosis
1220 2176 1297 2249 deis
1311 2204 1407 2277 quos

384 2303 539 2401 vulgaris
567 2302 691 2397 religio
720 2302 940 2400 praedicabat
964 2328 1035 2373 nou
1055 2300 1312 2399 confundendi.
1336 2309 1403 2377 Hic

383 2432 479 2499 Deus
502 2427 660 2499 obscuro
683 2427 806 2523 aliquo
830 2425 940 2498 modo
963 2431 1124 2524 agnitus,
1151 2452 1218 2500 nec
1239 2432 1401 2529 apprime

299 2536 305 2545 ⁸
383 2550 566 2641 delinitus,
582 2577 692 2650 quem
705 2577 789 2625 vero
804 2551 874 2624 deo
885 2557 1047 2651 proxime
1059 2550 1210 2626 dixerim
1222 2551 1401 2640 accedere,

385 2679 415 2750 si
429 2677 636 2750 Herodotus
651 2677 744 2748 hanc
760 2683 873 2775 ipsam
890 2681 1071 2774 egregiam
1090 2680 1275 2748 notionem
1288 2677 1403 2776 expla-

384 2816 524 2889 nasset,
543 2807 571 2870 si
593 2825 666 2870 non
689 2799 778 2872 alios
801 2801 945 2872 inutiles
967 2800 1182 2900 fragilesque
1207 2801 1302 2874 D'eos
1330 2825 1403 2874 una

385 2948 470 2997 cum
485 2924 592 3024 vulgo
606 2923 777 3016 finxisset,
794 2929 987 3024 saepissime
1001 2941 1042 2996 ut
1056 2949 1160 2996 causa
1176 2949 1303 2996 eorum
1322 2949 1403 3024 quae

385 3050 433 3122 ab
456 3049 669 3122 hominibus
682 3049 776 3121 fiunt
796 3047 1010 3124 declaratur.
1027 3055 1144 3141 Deus,
1163 3052 1268 3136 ὁθεός,
1281 3055 1402 3124 Persa·

386 3200 468 3246 rum
493 3179 529 3246 in
556 3189 736 3245 certamen
755 3189 790 3245 et
809 3173 854 3246 ad
879 3178 1067 3246 victoriam
1093 3173 1169 3246 dux
1190 3189 1265 3264 est,
1288 3191 1330 3256 ut
1354 3179 1404 3248 ait

383 3304 556 3372 Xerxes¹.
581 3296 682 3369 Idem
715 3296 775 3369 ille
801 3302 908 3369 ctiam
940 3303 1167 3370 somniorum
1194 3297 1300 3370 dator
1327 3315 1402 3389 est,

387 3448 468 3519 quae
493 3447 614 3518 regem
639 3437 680 3494 ut
703 3421 877 3495 adversus
893 3427 1039 3495 Graecos
1059 3421 1169 3494 ducat
1185 3428 1402 3514 exercitum,

388 3546 613 3645 impellanv,
630 3563 665 3619 et
681 3547 858 3620 ineodem
875 3572 956 3647 spes
970 3548 1093 3620 auxilii
1112 3561 1185 3618 tota
1204 3553 1403 3646 reponitur.

386 3670 543 3744 Difficile
557 3685 611 3743 est
623 3670 722 3743 dictu
738 3687 863 3744 utrum
881 3673 940 3744 hic
954 3677 1064 3762 DeuS,
1083 3676 1146 3770 qui
1160 3671 1259 3771 apud
1277 3688 1403 3746 aucto·

388 3825 464 3870 rem
483 3813 649 3869 nostrum
667 3804 764 3871 Deus
786 3800 854 3869 κατ’
875 3799 978 3895 ἐξοχὴν
997 3795 1119 3891 audit,
1144 3802 1174 3870 is
1196 3804 1242 3870 sit
1257 3803 1323 3895 qui
1343 3823 1405 3871 eos

389 3923 535 4020 adjuvat
549 3948 708 4020 quorum
725 3921 818 3996 facta
833 3925 964 3997 rationi
985 3937 1069 3996 sunt
1093 3939 1349 4015 consentanea,
1369 3940 1405 3997 et

417 4111 425 4139 ¹
445 4103 515 4161 tter,
534 4113 587 4165 vn,
605 4107 628 4154 8.
641 4129 672 4142 -
690 4102 699 4132 ²
717 4105 912 4166 tter.,vu,18.
