3484 5225
843 681 999 738 ..524-

412 818 570 901 tionem,
602 836 683 909 quae
714 812 878 881 omnium
907 815 942 880 in
977 807 1114 881 mundo
1143 802 1428 883 vicissitudinum

413 944 565 1036 genitrix
590 951 654 1007 est.
681 932 821 1007 Dehinc
844 960 926 1008 cum
956 959 1054 1005 mens
1082 933 1272 1004 hominurn
1296 937 1429 1030 majore

367 1147 370 1154 ,
412 1061 554 1135 cultura
570 1060 933 1159 perpoliretur‚hanc
950 1070 1062 1155 Μοῖραν
1079 1058 1280 1131 secundum
1297 1061 1428 1131 immu-

411 1186 534 1259 tabilia
543 1187 689 1282 justitiae
701 1188 877 1283 principia
890 1210 946 1256 res
963 1208 1086 1284 gerere
1097 1182 1359 1254 intellexerunt.
1373 1187 1430 1255 Sic

409 1309 506 1407 apud
525 1325 663 1379 veteres
679 1307 965 1391 excellentissimi
981 1311 1064 1397 viri,
1077 1318 1191 1402 Μοῖραν
1210 1320 1244 1379 et
1263 1310 1351 1384 Δίκην
1367 1332 1426 1378 co·

410 1432 591 1533 pplando,
617 1431 731 1504 fatum
758 1448 916 1505 sanctam
942 1446 977 1502 et
1001 1434 1132 1529 justam
1158 1457 1232 1503 esse
1260 1432 1431 1503 volunta·
1514 1476 1516 1481 ,

322 1549 325 1555 ⁵
409 1573 481 1629 tem
501 1558 811 1648 demonstrarunt,
837 1555 899 1627 sed
930 1560 1031 1628 omni
1057 1554 1278 1652 indulgentia
1303 1580 1426 1627 caren-

409 1699 502 1781 tem,
520 1686 658 1780 quippe
672 1708 753 1777 quae
767 1680 863 1753 aliud
880 1680 968 1751 nihil
982 1704 1091 1775 quarn
1107 1685 1229 1777 puniat
1244 1678 1425 1751 mortales.

408 1809 608 1902 Saepissime
630 1811 738 1876 etiam
753 1803 951 1889 malefacta,
972 1806 1061 1883 Δίκης
1078 1806 1178 1899 jussu
1197 1808 1347 1902 expiata,
1365 1804 1430 1875 lio·

316 1959 342 2033 ἐκ
399 1928 570 2001 'minibus
596 1954 617 2000 a
644 1929 734 2001 dura
754 1927 1013 2023 inflexibilique
1031 1939 1128 2023 Μοῖρα
1153 1927 1287 2037 indicta
1307 1944 1426 2017 erant,

317 2064 323 2094 ¹'
410 2060 461 2125 ita
487 2068 527 2124 ut
549 2058 784 2149 antiquorum
803 2054 968 2122 notiones
995 2048 1151 2121 confusae
1169 2057 1317 2122 omnino
1335 2052 1427 2123 indi-

411 2179 589 2275 gestaeque
605 2191 820 2275 'appareant3
839 2174 937 2247 unde
957 2190 1052 2273 patet
1067 2200 1128 2246 eos
1143 2200 1269 2274 parum
1295 2176 1339 2247 ad
1364 2202 1428 2246 no·

411 2308 525 2373 titiam
549 2301 595 2371 de
618 2306 697 2371 Deo
724 2316 759 2371 et
779 2325 903 2371 rerum
930 2300 1171 2371 humanarum
1201 2298 1426 2376 administra·

410 2432 508 2498 tione
522 2449 729 2523 progressos
747 2422 868 2496 luisse.

358 2582 365 2591 ·
470 2554 597 2622 Fatum
625 2575 736 2647 porro
761 2563 938 2646 quantum
966 2548 1133 2620 habuerit
1157 2552 1328 2620 momenti
1351 2549 1425 2644 jam

410 2701 451 2744 ex
476 2680 637 2744 Homero
665 2698 811 2744 cernere
838 2690 912 2762 est3
938 2673 1029 2743 illud
1054 2699 1167 2772 porro
1198 2680 1234 2744 in
1252 2673 1425 2771 tragoedia

410 2822 523 2896 graeca
536 2823 618 2868 curn
629 2799 773 2889 justitiae
788 2796 938 2868 vindicis
952 2802 1100 2868 notione
1111 2799 1276 2894 junctum
1294 2798 1425 2888 halies3

394 2902 456 2996 ‘ab
475 2921 661 2994 Herodoto
678 2920 835 3018 denique
851 2928 887 2992 in
907 2922 1091 2994 historiam
1110 2923 1355 2994 introductum
1376 2927 1424 2994 vi·

410 3047 492 3137 des,
512 3071 751 3144 quaecumque
767 3047 860 3117 liunt
879 3045 1066 3118 manifesto
1085 3073 1208 3144 regens
1231 3073 1273 3120 ac
1292 3049 1423 3145 guber-

408 3198 509 3244 nans.
528 3171 725 3260 Quomodo
743 3170 891 3241 historia
911 3169 1113 3242 Herotlotea
1130 3187 1165 3242 et
1181 3195 1324 3242 carmen
1352 3177 1424 3242 Ho-

408 3299 582 3367 mericum
600 3300 695 3365 inter
711 3319 786 3365 sese
807 3300 1021 3364 conveniant
1040 3293 1240 3390 disquirere
1261 3321 1424 3395 superse·

408 3421 495 3510 de03
514 3443 588 3516 qua
607 3419 707 3490 dere
735 3418 848 3490 multa
867 3445 886 3489 a
907 3417 1029 3488 multis
1052 3427 1184 3516 scripta
1206 3436 1356 3493 exstant.
1381 3426 1421 3491 In

408 3568 451 3614 eo
470 3549 566 3614 enim
586 3547 658 3639 jam
682 3569 787 3631 sum,
806 3559 847 3613 ut
863 3542 1064 3639 analogiam
1083 3568 1165 3638 quae
1181 3549 1274 3615 inter
1290 3544 1423 3616 doctri·

406 3693 489 3739 nam
505 3666 662 3738 divinam
685 3681 799 3764 poetae
816 3681 850 3737 et
870 3667 1032 3737 historici
1050 3667 1259 3756 intercedit,
1278 3667 1424 3739 ‹lemon-

405 3808 526 3864 strem.
542 3791 648 3863 Haud
665 3796 781 3862 tenuis
794 3806 848 3861 est
861 3789 963 3861 labor
980 3787 1110 3862 docere
1124 3791 1259 3889 quibus
1277 3791 1424 3863 diversis

406 3918 522 3988 modis
547 3916 586 3986 hi
608 3915 683 3988 duo
703 3931 868 3987 auctores
884 3921 1006 3986 lovem
1031 3932 1293 4015 repraesentent.
1309 3916 1423 4004 Modo

405 4049 500 4114 enim
517 4058 570 4113 est
586 4039 685 4140 apud
699 4065 760 4112 eos
775 4065 941 4111 summus
959 4045 1124 4138 princeps
1140 4057 1176 4113 et
1195 4065 1317 4113 rerum
1334 4041 1423 4112 divi·

404 4191 532 4238 narum
560 4167 874 4260 humanarumque
901 4178 1036 4254 rector;
1065 4165 1175 4237 modo
1201 4172 1341 4265 primus
1369 4179 1423 4235 est
