3484 5225
746 655 905 716 ..13-

315 790 388 865 hoc
406 802 585 865 conventu
601 795 845 891 pronuntiata,
865 815 910 861 an
927 787 973 863 ab
996 776 1172 863 Herodoti
1186 793 1332 891 ingenio

315 915 451 991 fuerint
469 931 652 1006 exornata,
671 930 707 987 et
723 913 768 987 ad
787 918 999 989 memoriam
1016 940 1082 1015 per
1101 914 1249 989 Hellada
1267 914 1333 988 dif-

315 1040 432 1115 fusam
458 1041 671 1132 informata,
698 1038 797 1114 haud
821 1038 925 1114 facile
949 1039 1049 1113 dictu
1064 1055 1137 1115 est.
1157 1040 1198 1113 ld
1218 1066 1334 1114 unum

317 1166 486 1241 observes
501 1166 624 1260 velim,
636 1155 773 1239 scilicet
785 1165 861 1238 haec
878 1169 1054 1267 principia
1066 1166 1159 1263 juris
1174 1172 1334 1265 gentium

316 1299 406 1365 mire
426 1293 477 1365 ibi
499 1284 684 1378 enuntiata
700 1317 796 1381 esse;
821 1316 902 1388 quae
924 1296 953 1362 si
970 1315 1112 1390 semper
1135 1292 1172 1363 et
1196 1291 1342 1390 ubique'

316 1417 610 1509 observarentur,
630 1420 749 1489 omnis
761 1398 941 1489 bellorum
960 1400 1101 1489 occasio
1118 1431 1229 1515 atque
1249 1440 1334 1489 ansa

317 1542 519 1642 tolleretur.
1362 1639 1365 1646 ἱ

366 1672 492 1739 Omnis
506 1670 617 1765 igitur
634 1671 735 1739 natio
758 1681 893 1738 terram
908 1688 950 1739 ac
965 1669 1204 1765 possessiones
1221 1662 1336 1737 conli-

317 1797 419 1864 nium
433 1816 548 1865 sacras
560 1790 695 1864 habere
709 1789 881 1883 debebat,
899 1816 1019 1890 neque
1032 1788 1218 1864 offendere
1232 1788 1340 1864 liberss

319 1929 431 1987 tatem
446 1914 666 2012 legatorum,
682 1914 818 2013 quibus
835 1912 939 2011 laesis,
954 1912 1115 2019 populns
1133 1919 1220 2014 ipse,
1234 1915 1339 2012 cujus

319 2043 467 2111 nomine
490 2044 588 2110 missi
611 2053 741 2130 essent,
766 2038 869 2111 laesus
886 2064 962 2112 esse
985 2038 1190 2113 videbatur.
1218 2044 1341 2133 Quare

320 2163 552 2237 Athenienses
577 2166 818 2263 Spartanique
834 2168 900 2261 qui
927 2167 1023 2235 Darii
1049 2161 1185 2260 legatos
1206 2177 1337 2235 terram

321 2305 357 2361 et
368 2314 502 2389 aquam
515 2303 702 2388 poscentes
715 2287 807 2360 male
823 2276 1045 2379 habuerunt,
1056 2289 1139 2384 jure
1150 2286 1340 2361 accusandi

321 2429 419 2503 sunt,
450 2414 668 2511 injuriceque'
692 2410 799 2486 illatae
822 2415 956 2511 justam
987 2437 1133 2512 poenam
1165 2413 1337 2486 tulerunt.

321 2535 432 2627 Quod
451 2542 480 2608 si
497 2536 705 2609 Herodotus
718 2563 793 2610 non
806 2536 917 2610 audet
938 2536 1157 2610 calamitates
1173 2562 1263 2638 quas
1277 2544 1339 2610 Au

322 2660 392 2731 tica
410 2663 509 2758 regio
526 2676 671 2759 experta
691 2676 767 2751 est,
792 2668 911 2734 Xerxe
935 2667 973 2742 in
1001 2685 1080 2734 eam
1099 2667 1338 2762 irrumpente,

324 2789 383 2856 irae
395 2784 593 2858 attribuere
609 2783 745 2858 coelesti
759 2795 787 2878 ¹,
812 2786 929 2859 nihilo
945 2801 1064 2863 tamen
1088 2793 1206 2859 minus
1222 2787 1343 2860 dicere

324 2937 397 3010 non
429 2911 572 2985 dubitat
600 2911 890 2986 Lacedaemonios
918 2915 1010 3011 juris
1036 2919 1197 3014 gentium
1229 2915 1340 2987 viola·
1423 3003 1426 3010 7

325 3052 421 3130 tores
447 3063 575 3137 poenas
598 3037 739 3112 dedisse
762 3044 822 3110 irae
843 3037 1047 3138 Talthybii‚
1073 3043 1137 3137 qui
1163 3036 1230 3122 suit
1254 3046 1342 3140 Aga·

325 3168 527 3248 memnonis
538 3187 665 3264 preco,
680 3187 721 3236 ac
729 3179 865 3263 postea,
877 3188 977 3236 more
990 3166 1236 3261 antiquorum,
1248 3169 1342 3235 inter

325 3287 428 3360 divos
442 3303 494 3360 est
508 3287 642 3360 relatus
655 3300 680 3358 ².
700 3294 792 3360 Cum
807 3294 902 3360 enim
922 3285 1097 3360 sacrificia
1112 3312 1154 3360 ac
1170 3292 1340 3360 'victima-

308 3436 407 3487 ‘rum
421 3428 501 3485 exta
520 3437 541 3486 a
561 3411 772 3484 numinibus
785 3411 1051 3502 abnuerentur,
1063 3399 1147 3484 'duo
1165 3417 1342 3512 Spartani,

326 3535 509 3634 Sperthies
526 3551 562 3608 et
574 3536 686 3624 Bulis,
706 3541 822 3607 ituros
837 3559 913 3608 sese
930 3534 975 3608 ad
990 3540 1145 3608 Xerxem
1160 3541 1196 3608 in
1222 3540 1344 3636 'piacu-

326 3659 404 3732 lum
419 3686 593 3734 caesorum
608 3658 769 3758 ejusdem
789 3667 882 3758 regis
893 3661 1098 3758 legatorum
1117 3662 1341 3737 obtulerunt.

327 3784 472 3876 Quibus
487 3791 524 3858 in
543 3791 661 3859 Asiam
678 3785 818 3879 delatis,
841 3812 903 3859 rex
927 3791 1037 3859 animi
1059 3812 1186 3860 eorum
1212 3791 1347 3884 magni·

359 4055 367 4082 ¹
385 4049 456 4109 Iter„
470 4060 522 4110 vn,
540 4050 599 4109 tta,
610 4016 672 4112 m

362 4143 372 4173 ²
389 4143 442 4204 lb..
465 4147 519 4194 tat.
537 4147 596 4196 Erat
606 4143 788 4198 Lacedaemone
805 4143 899 4196 familia
919 4140 1159 4206 humiliatarum,
1175 4151 1250 4206 qrram
1269 4151 1348 4203 penes

330 4231 403 4274 eraut
419 4237 471 4288 pre
486 4224 544 4274 altis
562 4224 703 4287 legaturum
721 4237 837 4274 rnnnem.
