3484 5225
653 954 788 1035 mus
823 952 1007 1063 ruma.

648 1208 685 1254 tte
696 1208 870 1262 ,mosomo
884 1196 1020 1253 'nemott
1037 1224 1040 1231 ¹

375 1396 582 1472 Herodotus
600 1398 685 1471 inde
709 1397 757 1471 ab
770 1402 875 1470 initio
889 1401 1010 1497 operis
1024 1403 1080 1471 sui
1097 1422 1242 1471 causam
1262 1424 1343 1496 quae
1400 1396 1402 1399 ’

322 1529 445 1625 ipsum
459 1522 507 1597 ad
526 1521 757 1596 scribendum
772 1525 960 1623 impulerit
975 1549 1050 1595 non
1069 1528 1188 1596 minus
1212 1521 1344 1594 diserte

322 1672 434 1745 quam
465 1648 675 1747 simpliciter
701 1635 851 1746 exponit
868 1656 901 1718 ¹:
920 1650 1004 1719 «Ne
1030 1644 1122 1719 facta
1150 1646 1342 1719 hominum

323 1797 441 1845 «cum
465 1788 629 1871 tempore
646 1770 875 1859 intercidant,
893 1796 983 1843 neve
997 1774 1157 1871 iugentia
1175 1786 1210 1843 et
1226 1771 1344 1844 admi·
1468 1786 1472 1796 '

325 1926 341 1963 α
359 1895 472 1969 randa
489 1895 661 1996 operavel
675 1921 696 1968 a
712 1899 845 1968 Graecis
861 1894 957 1967 edita
970 1895 1024 1966 vel
1037 1918 1058 1967 a
1072 1895 1258 1985 Barbarie,
1275 1896 1347 1995 glo·

323 2052 342 2089 α
361 2024 414 2094 ria
425 2019 651 2111 fraudentur,
664 2020 727 2092 sed
742 2036 784 2092 ut
803 2027 940 2120 possint
953 2046 1037 2093 cum
1051 2021 1131 2111 alia,
1141 2036 1220 2091 tum
1232 2045 1346 2093 causae

325 2146 544 2219 «bellorum
588 2145 635 2217 ab
666 2144 795 2217 iisdem
831 2160 1016 2243 gestorum
1052 2151 1292 2217 innotescere.
1325 2177 1343 2213 s

325 2271 438 2365 Quod
453 2275 549 2342 enim
573 2276 686 2368 magis
710 2274 903 2371 proprium
929 2271 1087 2344 historiae
1109 2295 1242 2343 munus
1259 2276 1348 2360 erit,

326 2419 437 2494 quam
455 2420 511 2466 res
532 2419 553 2468 a
578 2395 768 2493 quibusvis
797 2395 951 2495 pulchre
977 2410 1092 2493 gestas
1116 2411 1347 2496 posterorum

325 2518 557 2591 admirationi
578 2534 688 2618 atque
710 2526 902 2592 imitationi
933 2519 1092 2610 tradere,
1113 2520 1206 2593 male
1232 2534 1349 2620 gestas

326 2649 573 2743 contemptui,
602 2660 638 2717 et
659 2650 695 2717 in
718 2647 774 2717 his
798 2652 884 2745 ipsis
906 2647 1015 2719 rebus
1039 2670 1227 2718 causarum
1244 2644 1349 2718 effec-

329 2784 508 2866 tuumque
522 2793 657 2840 ncxum
675 2794 716 2842 ac
735 2775 864 2843 seriem
877 2769 1067 2870 diiigenter
1083 2787 1220 2843 notare.
1237 2775 1349 2844 Hero·

327 2891 456 2966 dotum
469 2892 525 2965 vel
541 2919 585 2966 ex
601 2894 740 2993 paucis,
756 2921 836 2993 quac
853 2895 1059 2985 retulimus,
1075 2895 1206 2985 verbis,
1227 2895 1348 2968 videre

328 3020 409 3092 licet
430 3019 617 3092 historiam
635 3019 824 3092 scribentis
835 3018 998 3092 officium
1013 3025 1150 3118 optime
1163 3025 1348 3117 cognitum

329 3143 518 3235 hahuisse,
542 3169 809 3244 possumusque
822 3147 897 3242 J'am
919 3143 1071 3216 definire
1094 3142 1131 3214 id
1156 3142 1257 3240 quod
1275 3141 1349 3216 haec

327 3273 475 3342 scientia
491 3268 562 3340 sibi
580 3269 846 3369 assequendum
866 3273 1053 3369 proponit.
1070 3267 1140 3344 Sed
1153 3269 1256 3364 juvat
1276 3273 1347 3341 He·

328 3393 502 3468 rodotum
519 3399 640 3493 ipsum
653 3394 874 3467 scribentem
890 3394 1079 3466 historiam
1096 3397 1283 3495 prosequi,
1307 3407 1348 3465 ut

327 3523 396 3590 viri
413 3517 505 3590 nulii
529 3517 676 3592 factioni
702 3517 835 3591 addicti
855 3525 891 3590 in
917 3517 1101 3592 laudando
1122 3533 1185 3591 aut
1204 3525 1347 3620 vitupe-

330 3645 456 3737 rando,
475 3671 606 3744 resque
625 3660 742 3746 gestas
764 3659 888 3717 utrum
910 3669 1002 3718 verae
1018 3652 1089 3720 sint
1106 3673 1152 3720 au
1173 3647 1266 3721 falsae
1294 3645 1348 3718 di·

325 3770 541 3868 judicando,
562 3776 767 3870 aequitatem
785 3771 1093 3872 prudentiamque
1105 3799 1312 3873 cognoscas.
1359 3859 1362 3868 ,

340 3897 344 3902 ’
377 3899 453 3969 Nec
470 3912 589 3970 tamen
604 3894 799 3969 defuerunt
810 3901 874 3995 qui
891 3903 1049 3972 auctoris
1067 3901 1183 3974 nostri
1199 3901 1344 3997 integri·

361 4155 369 4182 ¹
387 4145 458 4207 lter„
472 4155 493 4208 ι,
508 4146 532 4195 t
550 4144 642 4210 taur..
656 4151 675 4196 t.
687 4156 708 4207 t,
722 4149 744 4218 t.
