3484 5225
819 606 976 659 ...ὅὸ-.-

424 733 491 805 Sed
508 717 629 830 negati
653 760 726 805 uon
752 739 885 833 poterit
907 748 984 803 tum
1007 738 1174 823 maxime,
1201 758 1287 804 cum
1301 759 1397 807 sum·

379 883 478 929 mum
497 856 739 957 philosophiae
752 883 824 929 suae
841 856 984 929 culmen
1003 864 1159 955 attigisse
1174 856 1317 929 videtui·
1333 864 1398 929 He·

378 982 542 1070 rodotus,
556 982 652 1053 circa
667 988 853 1083 notionem
870 979 916 1051 de
934 980 1003 1055 deo
1023 1006 1108 1052 vero
1123 980 1396 1079 concipiendam

377 1131 553 1207 perquam
580 1110 763 1177 erravisse.
783 1111 856 1177 Cur
874 1112 969 1177 enim
986 1105 1204 1177 invidiosum
1228 1132 1312 1179 eum
1330 1104 1397 1177 fia-

376 1233 445 1329 git?
465 1236 541 1301 Cur
565 1254 639 1301 non
667 1236 804 1328 potius,
832 1229 944 1301 solius
968 1232 1114 1327 justitiae
1137 1254 1257 1319 causa,
1289 1234 1399 1303 animi

377 1354 548 1454 superbia
560 1352 643 1425 elati
656 1352 785 1425 vindex
801 1338 1093 1452 iepraesentatur?
1106 1358 1224 1445 Quem
1240 1360 1276 1425 in
1289 1354 1397 1427 finem

378 1482 494 1547 Deum
511 1475 571 1546 illa
589 1489 674 1547 nota
691 1475 887 1548 dedecorat
904 1476 1046 1547 invidiae
1061 1477 1113 1549 vel
1134 1483 1169 1547 in
1189 1476 1398 1549 hominibus

377 1598 640 1699 vituperandae?
655 1616 732 1673 erat
753 1608 957 1671 communis
983 1626 1085 1671 aanor
1108 1616 1323 1699 poetarum,
1343 1626 1397 1673 sa-

377 1728 568 1801 cerdotum
584 1734 861 1826 antistitumque
883 1734 1035 1825 quinon
1055 1726 1145 1798 iilud
1164 1727 1399 1827 erantadepti

377 1866 419 1925 ut
443 1876 564 1925 veram
582 1876 786 1951 puramque
808 1852 855 1923 de
884 1858 962 1925 Deo
981 1859 1189 1952 opinionem
1211 1853 1397 1924 haberent.

376 1983 476 2050 Hanc
509 1984 725 2050 sententiam
752 1977 961 2049 Aristoteles
988 1968 1159 2075 praeclare
1195 1977 1251 2049 his
1282 1978 1400 2049 verbis

376 2109 595 2202 impugnat:
625 2105 654 2191 si
677 2116 791 2201 poetae
820 2102 1065 2190 veredicum,
1095 2107 1124 2173 si
1152 2101 1241 2173 deus
1264 2101 1399 2173 invidia

377 2226 547 2329 laborat,
586 2232 624 2297 in
657 2225 899 2325 phiiosophos
938 2229 1050 2323 tnagis
1092 2250 1202 2323 quam
1237 2232 1273 2295 in
1311 2225 1400 2297 aiios

377 2350 455 2422 haec
476 2349 611 2422 invidia
627 2350 847 2421 stomachari
864 2348 1026 2441 deberet,
1041 2374 1241 2447 omnesque
1260 2355 1324 2447 qui
1348 2348 1397 2421 al·

376 2480 470 2547 tiora
494 2489 615 2546 mente
635 2476 845 2576 concipiunt
868 2472 1026 2545 infelices
1047 2490 1162 2547 essent
1179 2474 1332 2545 dicendi.
1352 2478 1397 2553 At

376 2626 462 2672 vero
490 2599 588 2672 Deus
617 2599 719 2672 nuilo
752 2598 863 2671 modo
891 2598 1091 2672 invidiosus
1118 2625 1192 2671 esse
1219 2615 1334 2698 potest
1361 2613 1397 2670 et

375 2737 508 2822 poetae,
527 2737 566 2793 ut
580 2738 631 2792 est
652 2728 687 2792 in
705 2722 920 2819 proverbio,
936 2724 1048 2796 multa
1065 2729 1302 2796 mentiuntur.
1321 2722 1395 2794 tn’

376 2853 445 2918 οὕτε
465 2850 500 2917 τὸ
524 2849 600 2916 θεῖον
618 2849 755 2942 φθονερὸν
774 2842 932 2944 ἐνδέχεται
953 2848 1041 2938 εἶναι,
1064 2850 1143 2920 ἀλλὰ
1162 2853 1225 2938 καὶ,
1243 2851 1323 2919 κατὰ
1340 2855 1396 2926 τὴν

377 2973 555 3069 παροιμίαν,
571 2972 670 3041 πολλὰ
688 2966 850 3064 ψεύδονται
867 2967 965 3044 ἀοιδοί
975 2983 1000 3043 ¹.
1016 2977 1106 3064 Quat
1123 2978 1297 3046 sententia
1316 2965 1397 3072 pius

377 3124 462 3171 sane
484 3096 580 3168 vaiet
596 3121 708 3193 quam
731 3097 827 3192 vulgi
852 3101 989 3195 opinio,
1008 3122 1027 3168 a
1045 3103 1160 3195 poetis
1184 3123 1334 3196 quoque
1357 3111 1398 3168 ut

378 3223 425 3296 ab
443 3237 590 3294 auctore
606 3233 730 3307 nostro
748 3219 938 3318 adoptata,
968 3245 1122 3320 quaeque
1140 3223 1216 3294 sola
1235 3221 1399 3292 christia·

379 3373 509 3418 norum
528 3345 691 3418 doctrina
705 3343 828 3444 fugata
846 3361 909 3417 est.
928 3351 967 3416 ln
986 3353 1080 3444 ipsos
1103 3353 1177 3416 imo
1198 3351 1316 3417 Patres
1333 3349 1397 3419 Ec·

379 3472 494 3542 etesiae
510 3471 567 3541 hic
584 3495 698 3560 ernon,
722 3471 776 3542 vel
792 3494 810 3542 e
826 3471 1018 3542 Graecorum
1035 3472 1087 3542 vel
1106 3497 1123 3542 e
1142 3470 1398 3563 Judaeotnmti-

378 3593 446 3664 bris
458 3594 626 3680 deductus,
638 3593 797 3688 quodam
813 3595 924 3665 modo
938 3619 1013 3666 sese
1031 3601 1232 3682 insinuavit,
1247 3595 1283 3666 id
1296 3594 1397 3692 quod

379 3717 677 3791 Casaubonusin
702 3720 992 3791 annotationibus
1015 3726 1088 3792 suis
1109 3719 1156 3792 ad
1180 3724 1397 3816 Gregorium

370 3858 577 3952 ·Nyssenum
602 3851 860 3925 demonstrat&

408 4081 414 4110 ¹
434 4071 471 4124 Cf.
483 4070 703 4138 Anst.,ttetaph.‚
714 4087 732 4135 ι,
752 4085 777 4136 p.
790 4075 819 4135 8,
832 4071 848 4122 1.
861 4075 902 4130 aa,
915 4071 975 4124 edit.
989 4072 1103 4124 Brandis.
1114 4071 1190 4124 Trad.
1203 4072 1309 4123 Ptenon
1320 4075 1345 4122 et
1352 4069 1398 4120 ze·

378 4159 444 4218 tort,
455 4160 473 4205 t.
483 4166 504 4216 t,
518 4168 541 4217 p.
551 4155 643 4204 tta-²
662 4153 699 4206 Gi.
709 4157 766 4206 Not.
777 4155 885 4206 casaub.
895 4153 921 4204 in
934 4155 1010 4220 Greg.
1024 4157 1092 4220 Nysa.
1103 4155 1181 4221 Epist.
1189 4153 1221 4206 ad
1233 4153 1398 4214 Eustathiam,
