3484 5225
745 622 927 695 '-tt-

336 768 506 854 florebat,
521 781 596 841 erat
610 767 716 865 longe
730 766 1008 843 celeberrimum
1025 792 1037 837 ε·
1053 774 1102 839 ita
1115 784 1157 840 ut
1175 785 1354 866 quantum

336 900 375 968 in
391 920 449 966 res
471 916 601 994 graecas
625 896 798 965 momenti
822 892 1017 965 habuerint
1033 895 1167 991 Pythiae
1187 920 1356 995 responsa

336 1018 487 1093 difficile
510 1016 616 1095 ¹dictu
648 1034 709 1094 est.
737 1021 971 1116 Quicumque
1002 1018 1097 1091 Dalii
1124 1030 1134 1063 ¹
1166 1035 1357 1095 tractatum

339 1147 447 1243 legit,
464 1150 548 1215 satis
563 1168 748 1247 superque
763 1148 863 1216 novit
879 1142 1031 1215 artificia
1045 1144 1181 1242 quibus
1198 1147 1256 1223 isti
1275 1152 1360 1219 vati·

337 1276 496 1343 cinantcs
519 1273 574 1340 usi
594 1283 691 1339 sunt.
713 1266 754 1339 ld
780 1272 958 1367 imprimis
986 1293 1079 1342 curae
1100 1267 1169 1341 fuit
1186 1270 1359 1343 oraculo-

338 1421 424 1467 rum
436 1398 606 1474 ministris
622 1409 683 1482 ut,
703 1418 945 1492 quaecumque
962 1394 1007 1470 ad
1025 1400 1189 1494 proprias
1204 1420 1260 1467 res
1275 1420 1361 1469 con·

272 1508 275 1520 ’
339 1519 588 1615 ditionemque
603 1518 743 1591 civilem
760 1535 963 1619 spectarent
980 1545 1120 1611 eorum,
1138 1526 1203 1619 qui
1221 1520 1359 1593 oraculi

340 1668 552 1745 responsum
582 1644 816 1741 quaerebant,
846 1660 1120 1745 praenoscerent.
1151 1649 1243 1719 Nam
1274 1668 1358 1717 cum

341 1770 609 1869 magistratibus
636 1795 760 1853 earum
786 1776 996 1860 civitatum,
1024 1795 1182 1869 quarum
1213 1776 1361 1843 nomine

339 1900 437 1971 Deus
468 1895 747 1985 consulebatur,
783 1896 941 1967 coeundi
971 1901 1063 1967 viam
1099 1900 1291 1987 noverant,
1324 1914 1361 1971 et

341 2020 534 2119 propheta,
560 2020 601 2091 id
625 2036 678 2092 est
696 2023 841 2093 antistes
859 2019 1014 2109 oraculi,
1034 2046 1204 2120 responsa
1229 2022 1362 2119 Pythiae

340 2145 500 2219 dictabat
525 2160 675 2218 accentu
691 2150 844 2245 poetico
869 2144 1114 2219 declamanda.
1145 2145 1360 2241 'salilmodo

337 2268 441 2343 nulia
469 2284 546 2341 erat
573 2268 788 2357 difficultas,
819 2270 884 2342 ubi
914 2270 960 2341 de
984 2270 1094 2366 rebus
1119 2274 1271 2365 civitatis
1299 2270 1359 2343 ali-

341 2396 444 2491 cujus
463 2394 667 2468 domesticis
691 2396 875 2494 agebatur:
894 2394 1070 2493 Sedquis
1093 2394 1223 2467 dixerit
1249 2398 1358 2469 ratio·

339 2546 423 2593 nem
444 2544 516 2619 qua
533 2520 715 2620 propheta
735 2546 821 2593 usus
843 2536 916 2609 est,
947 2521 1009 2593 ubi
1037 2519 1072 2592 id
1097 2518 1292 2619 agebatur,
1319 2537 1361 2594 ut

340 2645 387 2720 de
399 2645 602 2718 commodis
617 2649 770 2719 enitaris
785 2646 937 2743 alicujus
951 2653 1072 2745 potius
1088 2669 1200 2742 quam
1213 2643 1361 2742 alterius

341 2770 622 2844 decerneretur?
637 2775 718 2845 Non
733 2787 786 2843 est
796 2770 956 2843 dubium
974 2777 1064 2869 quin
1079 2797 1160 2868 quae
1168 2771 1361 2869 plurimam

342 2896 530 2970 obtulisset
545 2901 756 2995 pecuniam,
778 2898 935 2968 victricia
953 2896 1078 2968 tulerit
1091 2893 1274 2993 suffragia.
1292 2901 1363 2968 Cu·
1445 2893 1447 2897 ’

289 3082 292 3091 ,
339 3020 399 3117 jos
424 3025 564 3119 generis
582 3020 748 3120 exempla
778 3046 851 3092 uon
877 3020 1023 3110 desunt,
1052 3019 1107 3090 vel
1125 3018 1223 3118 apud
1250 3025 1362 3090 Hero·

342 3144 470 3218 dotum
492 3156 522 3234 ³,
551 3160 593 3216 ut
618 3171 737 3243 quum
761 3146 889 3245 Pythia
917 3142 1253 3218 Aicmaeonidarum'
1271 3169 1362 3216 auro

342 3285 514 3369 corrupta
531 3269 824 3344 Lacedaemonios
845 3272 895 3344 ad
921 3270 1076 3344 Athenas
1100 3270 1147 3344 ab
1160 3273 1292 3368 Hippia
1307 3285 1362 3368 ty-

343 3413 457 3468 ranno
474 3394 680 3468 liberandas
697 3396 969 3483 exhortaretur,
989 3412 1064 3487 aut,
1084 3418 1235 3491 quuma
1256 3392 1362 3466 Cleo·

341 3541 446 3592 mene
468 3517 677 3609 subornata,
698 3524 932 3593 Demaratum
956 3524 1122 3619 spurium
1146 3544 1220 3592 esse
1243 3519 1361 3600 decla·

343 3660 450 3718 raret.
466 3649 546 3744 Mys
561 3643 713 3743 quidam
727 3649 925 3749 Europaeos
936 3669 958 3718 a
971 3644 1165 3718 hlardonio
1178 3644 1224 3718 ad
1242 3649 1363 3718 omnia

343 3775 489 3843 Boeotiae
512 3769 661 3847 oracula
682 3769 902 3842 consulenda
927 3769 1131 3869 delegatus,
1149 3785 1291 3869 turpem
1310 3791 1364 3840 sa·

339 3894 532 3968 cerdotum
545 3899 610 3993 qui
623 3894 778 3968 oraculis
790 3911 967 3994 praeerant
977 3894 1184 3968 aviditatem
1197 3907 1365 3992 expertus

377 4108 384 4134 ¹
403 4077 461 4149 van
471 4100 559 4163 Date,
578 4099 619 4151 De
631 4099 751 4152 uocatis
765 4106 882 4152 uanum
892 4071 1069 4150 ethnicorum.
1083 4100 1174 4160 Amet,
1187 4101 1257 4149 170⁰.

378 4193 388 4222 ²
406 4197 476 4256 uer,
495 4207 523 4258 r,
542 4199 588 4258 tm
603 4208 643 4258 rr,
658 4201 698 4247 tto.
