3484 5225
754 627 891 681 -.-⁷-—

275 843 276 846 Ἴ
314 780 393 828 cam
408 770 486 826 tum
502 757 679 853 privatam
695 752 900 826 habuerint
912 756 994 827 Sive
1006 761 1102 828 enim
1123 756 1220 831 bella
1236 776 1336 857 gere·

314 896 456 968 rentur,
480 904 544 950 seu
563 882 725 970 civitates
746 878 1007 967 conderentur,
1036 904 1097 967 seu
1118 881 1337 955 calamitates

313 1005 470 1104 publicae
485 1019 604 1077 essent
616 1002 838 1093 amovendae,
849 1027 913 1075 seu
923 1004 1004 1105 lites
1017 1003 1231 1091 dirimendae
1242 1011 1343 1079 interf

315 1130 427 1202 urbes
447 1143 511 1202 aut
525 1125 683 1200 civitates
700 1124 842 1217 forent,
862 1110 977 1201 Graeci
994 1128 1038 1200 ad
1064 1131 1230 1221 oracula,
1255 1156 1336 1229 quae

313 1278 429 1351 prope
441 1260 631 1325 innumera
642 1251 695 1323 ibi
708 1266 889 1323 terrarum
903 1252 1131 1340 erant,velut
1143 1254 1189 1326 ad
1203 1254 1335 1327 volun·

313 1385 395 1451 tatis
410 1378 539 1449 divinae
557 1388 796 1450 instrumenta
818 1376 1063 1450 recurrebant.
1154 1364 1157 1378 Α

360 1503 567 1577 Herodotus
591 1502 716 1577 eadem
734 1507 811 1602 qua
831 1508 945 1579 aetatis
971 1530 1044 1576 suae
1064 1505 1231 1578 homines
1252 1506 1333 1578 reli·

313 1635 420 1727 gione
437 1629 671 1701 oraculorum
694 1626 801 1701 effata
818 1628 978 1713 colebat,
1006 1630 1082 1703 haec
1098 1654 1183 1703 vera
1205 1628 1336 1703 dixisse

312 1756 456 1851 quoties
470 1753 583 1825 locuti
601 1750 742 1825 fuerant
762 1768 955 1842 attestans3
988 1753 1126 1850 quibus
1153 1760 1184 1825 si
1201 1770 1339 1845 noster,

313 1882 377 1976 qui
396 1878 450 1949 vel
470 1880 627 1948 minimis
651 1901 780 1947 eorum
805 1875 912 1947 dictis
933 1882 1125 1949 maximam
1144 1883 1217 1949 vim
1236 1884 1337 1951 attri-

314 2002 415 2090 buit,
435 2006 557 2080 minus
574 1990 733 2072 attentus
757 1998 899 2088 fuisset,
915 2004 1092 2098 expositio
1116 2007 1194 2099 ipsa
1213 2026 1344 2074 rarum

254 2132 259 2137 “
313 2124 360 2196 ab
371 2150 416 2196 eo
433 2126 630 2197 relaturam
648 2125 771 2194 minus
781 2120 942 2221 perfecta
958 2120 1064 2219 foret
1081 2128 1204 2215 Quare
1215 2132 1342 2223 ipsum

314 2244 372 2319 adi
385 2245 519 2321 librum
530 2251 560 2317 'si
569 2250 696 2343 cupias
707 2242 854 2317 edoceri
864 2260 1043 2340 quantum
1058 2260 1195 2321 veteres
1208 2246 1343 2344 populi,

313 2374 500 2469 portentis,
519 2374 683 2458 somniis,
704 2366 880 2467 prodigiis
903 2384 1149 2459 moverentur,
1172 2384 1207 2440 et
1222 2394 1337 2466 quan·

313 2508 392 2565 tum
409 2498 528 2565 omnis
552 2516 682 2566 eorum
698 2497 773 2569 vlta
791 2516 812 2565 a
832 2496 1090 2590 superstitione
1107 2492 1339 2591 pependerit,

361 2624 481 2715 Atque
507 2616 685 2689 hocloco
710 2642 785 2691 non
811 2632 865 2688 est
898 2617 1206 2715 praetereundum,
1228 2618 1337 2694 aliam

316 2742 498 2841 quandam
525 2767 680 2839 eantque
704 2741 955 2814 sublimiorem
973 2747 1182 2841 opinionem
1207 2750 1339 2842 saepius

316 2873 547 2968 proposuisse
560 2865 800 2956 Herodotum,
810 2891 941 2966 nempe
951 2865 996 2937 de
1011 2865 1085 2942 fato
1099 2868 1337 2958 ineluctabili,
1389 2907 1391 2910 ·

315 2991 415 3090 quod
432 3018 500 3092 pro
515 3016 579 3064 sua
597 2967 785 3065 voluntate
802 2989 996 3062 hominum
1008 2997 1247 3088 privatorum,
1262 2996 1339 3066 imo

315 3119 477 3213 gentium
494 3129 629 3203 sortem
645 3111 883 3200 administrat,
900 3126 935 3183 et
950 3111 994 3183 de
1009 3115 1052 3184 iis
1071 3109 1251 3210 praecipue
1272 3115 1337 3209 qui

316 3243 353 3309 in
372 3236 539 3311 secundis
555 3237 672 3322 rebus
683 3241 795 3308 nimia
815 3237 989 3336 superbia
1010 3234 1215 3342 efferuntur
1230 3237 1338 3314 ultio·¹

316 3387 402 3436 nem
412 3368 534 3450 sumit,
550 3361 698 3444 adversa
709 3361 877 3434 secundis
893 3361 1090 3435 miscendo.
1107 3367 1185 3434 Hoc
1203 3387 1337 3436 numen

316 3486 547 3578 invidiosum,
564 3491 641 3570 θεῖον
660 3491 810 3584 φθονερόν,
826 3488 904 3558 haec
917 3491 1079 3559 Nemesis
1094 3487 1337 3579 inexorabilis,

317 3639 398 3710 quae
412 3629 550 3686 terrore
567 3639 642 3686 non
663 3618 783 3686 minus
803 3633 916 3710 quam
939 3612 1113 3710 religione
1129 3628 1269 3692 mentes
1288 3613 1339 3685 at·-

319 3738 407 3830 ficit,
424 3752 460 3811 et
474 3763 556 3836 quae
573 3754 688 3813 mater
702 3742 967 3837 superstitionis
984 3763 1086 3835 acque
1106 3715 1148 3811 ac
1162 3762 1252 3810 verae
1268 3740 1340 3833 pie-

320 3868 400 3937 tatis
418 3878 491 3953 est,
521 3847 730 3936 mortalium
753 3869 842 3934 sorti
867 3878 1047 3963 perpetuo
1075 3887 1111 3934 se
1137 3877 1173 3934 et
1200 3859 1339 3956 ubique

318 3993 514 4061 immiscet:
530 4013 640 4087 quam
658 3992 687 4059 si
706 3989 890 4086 religionis
907 4012 949 4060 ac
968 3985 1209 4086 philosophiae
1231 3985 1339 4058 hero·

318 4113 434 4186 doteae
467 4114 667 4203 cardinem,
698 4119 878 4211 sortisque
904 4113 1071 4186 humanae
1098 4116 1193 4186 circa
1217 4116 1339 4184 omnia
