3484 5225
768 686 805 699 ..
827 657 865 715 39
888 686 924 699 ..-

334 808 396 858 sus
424 799 495 874 est,
526 783 628 882 quod
658 789 782 858 Musaei
810 786 968 859 oraculis
995 787 1245 887 praedictiones
1277 816 1359 865 snas

335 909 462 982 dolose
496 915 687 982 inseruisse
721 918 906 983 convictus
934 910 1051 984 fuerat
1069 913 1220 985 ¹.'Idem
1250 921 1357 987 etiam

335 1040 491 1107 Xerxem
503 1050 546 1106 ut
561 1034 699 1107 bellum
721 1060 743 1108 a
760 1040 872 1107 Dario
894 1052 1101 1135 susceptum
1120 1044 1359 1132 continuaret,

337 1160 503 1233 hortatus
528 1175 599 1245 est,
629 1161 796 1248 oracula,
822 1186 904 1259 quae
927 1159 1043 1233 fausta
1057 1166 1100 1233 in
1126 1170 1200 1233 rem
1227 1177 1358 1254 essent,

337 1288 459 1355 omnia
479 1288 512 1355 ei
530 1282 738 1372 recitando,
768 1288 908 1355 omissis
924 1289 988 1373 iis,
1015 1292 1096 1380 quie
1114 1285 1360 1357 contradicere

336 1407 558 1482 viderentur.
588 1411 678 1499 Quae
703 1414 825 1479 omnia
850 1433 979 1507 parum
1003 1408 1124 1480 favent
1148 1415 1199 1480 rei
1222 1409 1361 1482 divina·-

337 1535 437 1601 toriae
462 1530 679 1629 vatibusque
697 1536 802 1630 ipsis,
828 1556 989 1629 quorum
1014 1530 1264 1629 praedictiones
1286 1538 1357 1604 He·

339 1653 459 1726 rodoti
490 1659 675 1727 sinceritas
707 1660 839 1727 mirum
876 1670 931 1727 est
961 1670 1138 1752 qnantum
1177 1655 1360 1753 infregerit

270 1827 274 1835 -
337 1794 447 1877 atque
476 1782 720 1871 imminuerit,
754 1781 837 1852 licet
868 1786 945 1879 ipse
975 1801 1102 1877 magna
1125 1780 1274 1868 easdem
1304 1808 1360 1853 res

338 1904 550 1978 verecundia
569 1920 865 2004 prosequeretur.
889 1906 1008 1994 Quam
1026 1901 1176 2001 quidem
1192 1902 1360 1993 verecun-

337 2029 435 2102 diam
452 2056 526 2101 non
543 2030 629 2101 alias
646 2026 720 2101 tam
732 2028 1086 2102 manifeste‘declarat
1099 2056 1211 2126 quarn
1226 2030 1291 2101 ubi
1312 2029 1358 2100 de

338 2158 437 2225 Bacis
458 2170 495 2225 et
514 2158 639 2225 Musaei
658 2154 816 2227 oraculis
834 2129 1014 2251 loquitur,
1033 2179 1115 2251 quae
1132 2153 1182 2225 ob
1198 2161 1358 2250 antiqui-

338 2294 446 2353 tatem
465 2284 661 2378 suspicioni
678 2296 781 2353 erant
807 2284 957 2351 minime
984 2277 1140 2351 obnoxia
1154 2290 1179 2348 ².
1210 2280 1278 2351 Sed
1296 2279 1358 2351 ha·-

340 2404 515 2476 riolorum
540 2411 651 2493 natio,
678 2402 852 2476 Herodoti
873 2404 947 2500 jam
969 2402 1209 2501 temporibus,
1229 2408 1286 2475 eoi
1301 2428 1351 2475 n„

338 2526 453 2599 famiae
483 2527 692 2620 devenerat,
721 2542 763 2599 nt
799 2511 914 2599 bomo
941 2526 1080 2626 probus
1105 2548 1180 2598 esse
1204 2526 1300 2598 idem
1322 2542 1358 2599 et

337 2652 501 2725 hariolus
515 2678 624 2725 nemo
643 2678 791 2752 prorsus
804 2653 915 2752 posse
928 2653 1127 2726 videretur.

387 2785 554 2850 Attamen
571 2779 729 2868 oracula,
745 2779 814 2850 h'ac
833 2777 982 2875 quidem
998 2777 1170 2864 aetate‚ab
1189 2777 1360 2850 omnibus

337 2903 457 2992 culta,
481 2891 520 2973 in
544 2902 673 2976 eodem
700 2902 840 2974 honore
861 2901 928 2973 diu
944 2926 1112 2974 mansura
1135 2893 1361 2990 videbantur,

338 3052 411 3098 non
437 3027 603 3100 obstante
624 3027 865 3126 philosophiae
890 3032 1053 3124 scepticae
1079 3024 1359 3097 incredulitatis»

338 3177 412 3250 que
432 3156 485 3240 vi,
506 3177 587 3248 quae
615 3157 652 3223 in
673 3150 750 3224 dies
766 3150 979 3251 augebatur.
996 3149 1100 3249 Apud
1120 3173 1246 3222 omnes
1262 3154 1360 3220 enim

338 3300 430 3372 quas
446 3275 652 3349 Herodotus
678 3285 941 3347 commemorat
957 3290 1103 3374 gentes,
1127 3272 1195 3346 sub
1223 3296 1359 3346 annum

340 3396 413 3482 480
440 3400 477 3468 Α.
500 3400 555 3481 C.‚
583 3393 667 3468 fana
681 3420 756 3468 non
781 3394 950 3484 deerant,
968 3401 1012 3466 in
1039 3394 1176 3491 quibus
1196 3393 1362 3466 homines

338 3535 404 3594 aut
442 3526 626 3619 corrupti,
660 3535 725 3592 aut
756 3535 875 3591 mente
912 3525 1032 3618 capti,
1066 3517 1362 3618 praedictionibus

340 3643 494 3716 deorum
519 3650 666 3717 nomine
687 3642 905 3717 fabricandis
930 3669 1078 3742 operam
1104 3644 1252 3734 darent,
1279 3647 1361 3740 qui·

340 3768 410 3840 bus
431 3769 492 3840 alii
515 3769 614 3842 haud
639 3775 741 3842 inviti
762 3767 1028 3869 deciperentur.
1048 3773 1220 3868 AEgyptus
1248 3781 1360 3839 mater

339 3893 555 3969 feracissima
574 3865 1068 3996 superstitionum,‘fatidicis
1093 3894 1209 3990 adytis
1231 3891 1361 3964 referta

372 4111 379 4139 ¹
397 4103 469 4164 tter,
482 4113 536 4164 vu,
555 4106 579 4152 o.

372 4204 383 4231 ²
400 4201 473 4262 lien,
485 4211 550 4261 unt,
564 4203 603 4250 tt.
