3484 5225
770 556 932 615 -24..

337 683 520 755 interdum
549 700 706 759 secutus.
732 685 836 757 Unde
864 691 1044 777 criticam,
1072 713 1182 785 quam
1206 703 1355 785 vocant,

265 819 269 827 “
337 809 545 882 historicam
566 824 667 881 aetate
684 810 814 909 puerili
836 810 1000 881 nondum
1024 837 1201 910 egressam
1222 838 1296 885 esse
1310 812 1358 885 fa-

337 933 404 1004 cile
416 933 631 1007 vides.³Nam
644 939 680 1005 in
697 934 1047 1007 contradictionibus
1062 935 1266 1009 fabularum
1276 964 1357 1034 quae
1382 1006 1385 1011 .

337 1056 553 1155 plerumque
578 1084 646 1157 pro
666 1059 821 1131 historia
843 1076 980 1153 essent,
1005 1061 1212 1133 Herodotus
1234 1087 1358 1133 verum

337 1181 485 1273 afals0,
513 1200 609 1255 certa
634 1209 653 1254 a
680 1184 957 1282 probahilibus,
983 1184 1186 1283 probabilia
1210 1192 1358 1258 ameris

335 1312 548 1377 commentis
566 1306 786 1403 distinguere
801 1334 875 1379 non
893 1333 1036 1407 semper
1052 1314 1203 1381 curavit.

383 1437 462 1501 Huc
488 1432 626 1503 accedit
656 1432 757 1528 quod
784 1438 933 1523 Noster,
959 1434 1042 1506 licet
1068 1438 1196 1507 intimo
1229 1460 1358 1507 eorum

335 1580 417 1652 quac
433 1582 514 1629 vere
536 1555 636 1628 fuere
663 1572 726 1628 aut
751 1574 850 1647 sunt,
870 1584 977 1629 sensu
995 1558 1183 1658 praeditus,
1207 1564 1355 1657 verique

334 1704 458 1751 amore
476 1681 643 1780 flagrans,
656 1707 724 1780 pro
744 1682 866 1753 indole
884 1708 960 1769 sua,
987 1689 1213 1781 scepticismo
1227 1710 1358 1782 parum

340 1803 481 1876 favebat
506 1821 542 1877 et
570 1806 814 1905 sophistarum
841 1812 1000 1905 argutiis
1020 1807 1247 1879 Carminibus
1261 1814 1357 1882 enim

335 1943 526 2025 poetarum
560 1928 737 2027 legendis,
772 1944 813 1999 ut
839 1928 944 2001 facile
976 1928 1097 2001 videre
1129 1946 1216 2021 est,.
1236 1956 1355 2003 assue-

337 2069 395 2123 tus
420 2068 513 2143 erat,
533 2069 570 2124 et
589 2057 736 2123 Homeri
760 2056 961 2152 inprimis,
981 2056 1083 2150 cujus
1101 2059 1136 2125 in
1162 2079 1271 2153 opere
1287 2082 1354 2127 suo

334 2178 587 2276 componendo
620 2182 838 2250 imitatorem
864 2204 902 2250 se
925 2168 1100 2269 ostendit,
1127 2186 1219 2251 sicut
1240 2194 1355 2278 poetae

334 2327 483 2403 quoque
503 2301 691 2375 dramatici
719 2302 879 2399 ejusdem
911 2308 948 2374 in
981 2302 1164 2402 tragoediis
1183 2310 1256 2375 suis
1280 2331 1358 2377 ves·

335 2431 419 2521 tigia
454 2433 575 2498 sectati
611 2443 708 2499 sunt.
734 2427 902 2498 Imbutus
938 2432 1045 2499 etiam
1076 2434 1168 2500 sicut
1196 2444 1273 2501 erat
1298 2454 1354 2499 re·

335 2576 415 2623 rum
432 2550 635 2624 divinarum
652 2557 808 2642 scientia,
820 2556 1117 2650 omniamysteria
1126 2552 1289 2626 calluisse
1305 2560 1354 2625 vi·

333 2675 439 2747 detur
452 2687 481 2768 ¹,
495 2683 731 2776 animumque
750 2685 868 2750 minus
884 2678 1087 2777 applicabat
1100 2678 1360 2777 philosophiae3

333 2825 511 2897 nusquam
528 2805 624 2872 enim
640 2808 676 2872 in
691 2802 793 2873 libris
805 2803 882 2897 ejus
897 2802 1178 2900 disputationem
1194 2803 1353 2900 aliquam

334 2923 379 2996 de
411 2925 671 3021 quaestionibus
697 2931 733 2996 in
764 2925 897 2996 scholis
921 2925 1238 3024 philosophorum,
1263 2942 1349 2997 tunc

333 3055 458 3138 aetatis,
478 3053 604 3120 tamin
628 3054 707 3122 Asia
721 3055 853 3120 minori
870 3073 981 3146 quam
1001 3075 1067 3149 per
1086 3053 1260 3120 Graeciam
1276 3075 1352 3121 ma·

334 3197 439 3269 gnam
454 3171 683 3261 florentium,
702 3198 811 3271 super
828 3173 939 3244 rebus
962 3173 1091 3244 divinis
1112 3174 1353 3270 humanisque

334 3296 441 3394 vulgo
467 3303 704 3368 controversis
724 3303 879 3369 invenio.
913 3304 950 3368 ln
977 3324 1052 3396 quo
1078 3298 1227 3396 quidem
1252 3297 1351 3370 haud

332 3436 384 3491 est
400 3421 540 3493 silentio
559 3421 841 3511 transeundum,
860 3423 1000 3519 aliquot
1018 3428 1053 3494 in
1078 3423 1165 3494 locis
1188 3422 1352 3495 disserta·

332 3550 448 3617 tiones
478 3553 628 3617 existere
652 3546 777 3643 quales
794 3546 1081 3645 apudrhetores
1111 3573 1152 3620 ac
1175 3547 1353 3647 sophistas

333 3676 491 3768 reperire
508 3686 561 3742 est
575 3683 601 3760 ²3
620 3669 683 3741 sed
701 3696 750 3742 eae
763 3671 1025 3769 disputationes
1041 3698 1131 3769 quas
1151 3671 1247 3743 haud
1267 3697 1350 3743 raro

333 3791 515 3882 barbaris,
544 3793 674 3864 harum
693 3817 814 3863 rerum
839 3795 970 3888 ignaris
987 3793 1170 3880 attribuit,
1187 3816 1260 3861 non
1283 3795 1351 3861 nisi

287 4031 293 4041 .
365 4004 371 4028 ι
390 3996 462 4054 tren,
481 4006 513 4056 n,
526 3999 564 4056 ιι,
576 3999 614 4056 m,
630 3999 671 4055 st,
686 3998 726 4056 er,
739 3999 778 4056 sa,
791 3999 831 4055 ss,
847 3999 887 4056 st,
902 3998 942 4054 ss,
956 3996 1010 4055 rm,
1024 3992 1078 4055 ιιι,
1092 3997 1118 4044 u
1129 3993 1190 4044 atini
1204 3973 1318 4057 passim

367 4089 377 4112 ²
394 4090 467 4154 tter„
484 4101 529 4150 ιιι,
543 4093 584 4149 tt,
596 4095 640 4151 '123
652 4103 706 4154 vu,
725 4094 787 4154 ¹⁰2,
803 4094 860 4150 1523
877 4101 915 4150 ιιι,
929 4092 967 4137 48.
