3484 5225
746 628 904 683 ...25-

310 776 392 822 nem
409 756 589 849 sapientiae
604 778 676 824 suae
691 760 834 854 copiam
848 754 1097 853 undequaque
1110 758 1275 855 collegit,
1297 774 1333 832 et

309 882 493 973 ingenium
527 902 632 947 suum
660 878 868 952 informavit
893 880 936 952 ad
971 881 1111 953 bonurn
1134 908 1333 980 verumque

260 991 265 1001 ’
310 1000 582 1097 consequenda,
615 1003 717 1099 quod
748 1030 791 1075 ex
820 1010 961 1102 scriptis
993 1005 1070 1101 ejus
1106 1031 1180 1076 uon
1213 1014 1334 1078 minus

311 1151 422 1220 quarn
443 1125 604 1197 exsuctis
621 1127 749 1198 elucet.
764 1132 806 1198 ln
820 1128 936 1199 rebus
955 1154 1065 1227 porro
1083 1127 1250 1201 civilibus
1267 1157 1334 1227 po·

312 1251 390 1348 puli
405 1275 519 1323 causae
532 1249 689 1341 favebat,
705 1278 919 1350 persuasum
932 1253 1081 1343 habens,
1096 1254 1334 1352 tyrannidem,

312 1399 393 1469 quae
416 1373 654 1445 fastumsolet
672 1379 840 1447 comitem
862 1401 984 1447 secum
1011 1376 1167 1466 trahere,
1186 1382 1254 1475 ipsi
1278 1392 1333 1475 ty·

314 1524 426 1572 ranno
442 1503 679 1595 perniciosam
697 1524 787 1589 esse,
804 1516 854 1591 et,
869 1506 1001 1571 civium
1015 1500 1179 1573 moribus
1191 1526 1335 1601 perver-

313 1630 371 1707 sis,
389 1622 526 1695 servilia
546 1647 736 1721 procreare
749 1628 909 1722 ingenia;
933 1650 1072 1720 aequarn
1092 1650 1177 1696 vero
1192 1624 1339 1697 liberta-

313 1763 384 1818 tern
411 1748 521 1819 solam
549 1772 642 1835 esse,
669 1774 750 1844 qnae
778 1753 920 1845 generis
949 1750 1101 1821 humani
1129 1749 1335 1822 felicitatem
1381 1816 1383 1821 .

313 1870 597 1968 dignitatemque
611 1878 817 1944 constituat.
831 1877 949 1963 Qtram
963 1874 1112 1968 quidem
1125 1880 1335 1946 sententiam

312 1979 502 2094 saepissime
519 2002 554 2067 in
571 2023 678 2069 cursu
695 2006 815 2096 operis
830 2005 884 2070 sui
901 2004 1070 2071 enunciat
1090 2010 1116 2089 ¹,
1137 2005 1335 2097 praesertim

313 2122 377 2192 ubi
403 2122 448 2193 de
476 2121 722 2227 dominatione
747 2122 1049 2196 Pisistratidarum
1078 2129 1172 2223 agit,
1202 2140 1264 2195 aut
1290 2123 1336 2194 de

313 2245 508 2317 Periandro
539 2238 742 2335 coriu'tbi0,
777 2264 839 2319 aut
868 2247 914 2318 de
951 2248 1089 2320 Gelone
1118 2272 1337 2345 syracusano

315 2374 465 2465 quaestio
491 2368 545 2442 fit.
570 2371 785 2469 Exemplum
806 2369 866 2441 bic
886 2356 1081 2443 afferamus
1101 2370 1203 2468 quod
1222 2378 1338 2443 Hero·

315 2493 456 2583 dotum,
474 2519 555 2590 quae
578 2500 741 2581 sentiret,
766 2493 867 2565 factis
892 2518 1042 2591 quoque
1062 2502 1262 2592 exprimere
1279 2520 1336 2565 so-

315 2618 418 2688 litum
446 2617 554 2690 fuisse
585 2619 679 2690 clare
700 2619 971 2691 demonstrabit.
1004 2619 1195 2718 Lygdamis
1220 2645 1334 2717 quum

316 2743 574 2832 Halicarnassi,
604 2748 640 2813 in
672 2743 849 2815 Herodoti
878 2750 1015 2842 patria,
1053 2744 1337 2815 dominationem

315 2884 540 2966 usurpasset,
572 2867 692 2964 deque
712 2874 859 2965 Panyasi
890 2893 1001 2964 quem
1029 2868 1191 2940 historici
1224 2874 1339 2940 nostri

316 2967 542 3063 avunculum
555 2991 662 3062 fuisse
676 2993 841 3090 plerique
859 2992 1100 3080 arbitrantur,
1117 2992 1337 3090 supplicium

316 3121 546 3214 sumpsisset,
565 3115 772 3187 Herodotus
799 3122 863 3212 qui
889 3115 960 3186 hoc
990 3139 1116 3185 rerum
1144 3129 1238 3185 statu
1265 3115 1337 3209 jam

317 3246 436 3311 miuus
464 3247 501 3310 in
530 3255 610 3312 tuto
632 3265 707 3312 esse
738 3240 806 3311 sibi
833 3239 1047 3329 videbatur,
1080 3264 1146 3310 nec
1176 3238 1338 3310 odiosam

317 3366 458 3462 lougius
477 3366 632 3436 tolerare
661 3381 801 3463 poterat
825 3365 1069 3462 tyrannidem,
1090 3365 1339 3460 Halicarnasso

316 3489 362 3562 ad
379 3494 516 3562 Samios
534 3490 717 3590 confugit,
740 3490 893 3562 dialecto
915 3481 1038 3563 ionicae
1057 3490 1234 3562 discendae
1255 3511 1366 3591 ope-⁰

316 3639 394 3686 ram
412 3614 572 3686 daturus.
592 3615 766 3703 Posthacc,
788 3616 983 3711 annol157,
1002 3621 1031 3686 si
1055 3615 1172 3686 Suidae
1191 3615 1339 3712 quidem

316 3737 408 3809 fides
428 3737 613 3826 habenda,
639 3738 813 3811 libertatis
839 3739 994 3837 publicae
1020 3735 1337 3812 Halicarnassensi-

317 3862 388 3933 bus
412 3861 639 3932 restituendae
667 3887 730 3960 spe
758 3879 949 3960 concepta,
977 3889 1032 3936 res
1055 3889 1187 3935 novare
1217 3866 1336 3960 coepit.

318 3987 386 4058 Sed
411 3988 538 4059 seditio
556 3987 639 4058 inde
657 3967 780 4060 secuta
804 4002 844 4058 ut
863 3994 986 4087 patriar
1006 3993 1043 4058 in
1062 4013 1170 4058 omne
1197 4001 1340 4085 tempus

354 4170 359 4196 ¹
381 4171 450 4230 tter,
469 4183 496 4229 v,
508 4172 658 4232 ttt‚*18,92;'
672 4183 711 4231 vt,
724 4174 766 4229 433
780 4181 831 4232 vu,
849 4172 901 4220 156.
916 4166 952 4218 Cl.
964 4165 1052 4228 soph,
1063 4164 1127 4215 OEd.
1138 4167 1207 4228 Tyn,
1220 4179 1242 4215 v.
1254 4167 1311 4212 883.
