3484 5225
809 592 1031 647 —2l-·

378 752 460 796 cum
479 731 657 823 paucitate
675 746 802 793 eorum
818 746 899 818 quae
911 719 989 791 fera
1014 735 1098 791 suut
1114 744 1155 790 ac
1173 726 1394 819 peruiciosa,

378 849 611 949 providentioe
632 848 844 944 benignitati
867 844 990 915 deberi
1012 851 1222 944 pronuntiat
1245 852 1281 916 in
1300 846 1398 918 hunc

380 976 531 1047 modum
557 1002 564 1045 ε
584 1006 600 1038 ο
620 974 735 1070 idque
753 988 793 1044 ut
808 974 954 1047 credere
972 972 1146 1045 debemus
1164 974 1286 1046 solerti
1303 974 1394 1044 divi·

378 1104 498 1171 nitatis
514 1098 703 1197 prudentia
723 1100 735 1192 (
753 1112 805 1169 τοῦ
820 1100 896 1167 θείου
909 1106 927 1175 η’
940 1100 1061 1193 προνοίη
1080 1106 1162 1193 σοφή
1172 1103 1187 1191 )
1207 1102 1395 1195 contingit.

377 1230 468 1296 Nam
494 1249 576 1319 quae
600 1238 635 1293 et
658 1221 788 1293 timido
813 1228 933 1292 auimo
957 1238 1040 1293 sunt
1070 1238 1104 1293 et
1128 1223 1328 1309 esculenta,
1358 1246 1400 1291 ea

379 1353 498 1419 omnia
527 1346 682 1417 fuctuosa
708 1344 811 1433 fecit,
842 1370 887 1415 ue
911 1344 1054 1417 assiduo
1083 1370 1146 1416 esu
1173 1346 1397 1443 deperirent3

377 1489 501 1545 contra
522 1498 603 1569 quae
620 1496 711 1543 saeva
726 1485 761 1542 et
782 1470 935 1567 maligna
957 1486 1056 1552 sunt,
1078 1495 1119 1542 ea
1136 1470 1252 1541 voluit
1270 1494 1397 1569 parum

379 1622 455 1669 esse
473 1595 628 1667 fuctuosa
643 1606 668 1665 ¹.
686 1640 691 1646 ·

429 1728 492 1791 His
508 1720 633 1791 verbis
650 1719 895 1791 demonstrata
909 1724 1110 1790 invenimus
1128 1735 1163 1791 et
1178 1724 1400 1791 existentiam

381 1850 444 1915 Dei
463 1860 497 1915 et
514 1850 740 1942 potissimum
758 1845 835 1939 ejus
855 1843 1081 1915 attributum.
1098 1844 1304 1917 Herodotus
1325 1843 1399 1915 fere

382 1976 520 2069 primus
535 1973 700 2039 omnium
719 1968 790 2040 hoc
804 1966 1079 2066 argumentandi
1092 1993 1220 2065 genere
1236 1993 1323 2039 usus
1337 1984 1400 2057 est,

381 2121 457 2191 quo
470 2121 512 2164 ex
529 2119 650 2164 rerum
670 2092 864 2164 visibilium
886 2093 1133 2164 observatione
1152 2091 1194 2164 ad
1214 2093 1400 2165 invisibilis

306 2253 310 2257 ·
381 2224 448 2289 Dei
463 2232 598 2297 naturae
610 2201 950 2315 contemplationem
966 2222 1117 2288 transire
1134 2217 1226 2289 licet.
1244 2218 1312 2288 Alii
1324 2221 1401 2314 qui·

382 2342 464 2413 (lem
486 2341 616 2412 multi²
636 2356 784 2439 postea,
809 2366 933 2412 omues
959 2356 1097 2412 naturae
1126 2367 1181 2413 res
1206 2346 1300 2413 iuter
1327 2366 1401 2413 sese

385 2471 598 2557 convenire,
619 2464 747 2536 divinae
770 2464 1003 2563 providentius
1027 2466 1198 2552 consilio,
1222 2470 1402 2565 copiosius

383 2591 739 2680 demonstraverunt3
771 2596 807 2660 in
842 2590 991 2686 quibus.
1010 2615 1094 2662 vero
1126 2590 1217 2661 nihil
1248 2596 1413 2689 reperies

384 2715 486 2812 quod
506 2721 543 2785 in
568 2715 636 2785 hac
657 2714 833 2785 Herodoti
857 2719 1129 2786 ratiocinatione
1146 2717 1244 2787 velut
1263 2721 1299 2786 iu
1318 2715 1403 2786 lun-
1443 2775 1445 2780 .

384 2839 554 2910 dumento
571 2864 644 2909 uon
673 2842 825 2928 nitatur,
843 2863 909 2946 nec
938 2865 980 2908 ex
1003 2840 1073 2912 hoc
1095 2839 1193 2912 fonte
1212 2847 1314 2938 quasi
1334 2845 1403 2912 ori-

385 2970 504 3062 ginem
518 2958 646 3061 capiat.
662 2968 796 3034 Etvere
810 2966 912 3059 juvat
927 2970 1087 3036 animum
1095 2965 1172 3036 hmo
1183 2966 1399 3064 simplicitas,

385 3115 460 3185 qua
473 3064 811 3178 fretusHerodotuu
832 3087 885 3158 vel
905 3113 923 3159 e
941 3089 1099 3187 vulgaris
1115 3089 1278 3186 qualibet
1296 3116 1402 3188 expe·

384 3217 512 3284 rientia
529 3211 714 3282 altissimas
731 3217 966 3306 cogitationes
984 3213 1028 3284 de
1045 3219 1110 3283 Dei
1128 3221 1276 3285 notione
1292 3214 1403 3284 dedu·

384 3341 433 3407 cit
452 3365 460 3405 :
481 3343 530 3407 ita
547 3352 589 3406 ut
606 3335 790 3406 enucleate
807 3351 928 3434 pateat
950 3340 1145 3408 rectissime
1167 3343 1401 3434 antiquorum

386 3460 542 3555 aliquem
560 3459 715 3531 dixisse:
738 3459 956 3556 «Quidquid
978 3486 1043 3530 nos
1063 3460 1225 3531 meliores
1247 3461 1299 3532 vel
1317 3460 1402 3531 bea·

385 3615 401 3648 «
417 3587 524 3653 tiores
540 3583 720 3653 facturum
738 3598 867 3654 estant
886 3589 921 3653 in
936 3599 1061 3680 operto
1085 3599 1148 3654 aut
1172 3587 1210 3654 in
1236 3590 1402 3683 proximo

385 3710 539 3806 «posuit
559 3722 697 3778 natura.
720 3738 736 3772 u

434 3840 487 3905 Ita
503 3832 728 3923 Herodotus,
753 3857 821 3903 usu
839 3846 875 3903 et
898 3819 1144 3904 observatione
1162 3831 1310 3917 ductus,
1328 3858 1403 3904 om·

414 4048 422 4073 ¹
443 4039 513 4095 tter,
535 4047 578 4096 in,
601 4039 654 4086 ¹08.

417 4140 426 4165 ²
445 4133 517 4185 Cous.
528 4133 580 4184 Cic.
593 4133 625 4183 de
636 4136 692 4183 Nat.
702 4136 789 4194 Dour,
802 4146 833 4183 tt.
847 4131 926 4184 Fene!
941 4170 947 4193 ,
960 4133 1100 4185 Bernardin
1115 4135 1147 4184 de
1163 4135 1399 4191 sirint-Piericam.
