3484 5225
762 581 927 645 -23-,

330 713 380 781 tia
397 708 503 800 duee,
518 707 759 807 philosophiae
776 735 848 783 suae
865 711 1056 811 peculiaris
1072 713 1215 787 fabrum
1232 716 1351 791 luisse.

378 839 408 908 A
425 857 503 929 quo
520 848 699 930 quantum
716 833 837 909 differt
856 836 1047 911 exordium
1071 840 1224 933 Diodori
1242 843 1352 913 Siculi

329 963 434 1054 quasi
453 955 724 1056 dogmaticum,
747 984 878 1069 magno
900 962 1024 1051 hiatu,
1049 961 1095 1033 de
1114 963 1241 1038 mundi
1254 982 1353 1038 aeter·

330 1087 458 1173 nitate,
483 1080 602 1178 deque
620 1086 729 1156 variis
749 1109 859 1182 super
876 1109 999 1159 rerum
1023 1092 1161 1184 origine
1182 1103 1218 1161 et
1236 1089 1352 1161 homi-

232 1278 237 1290 ,
329 1232 419 1279 num
461 1212 499 1279 in
535 1211 722 1281 societates
760 1215 1062 1307 congregatorum
1102 1214 1354 1309 systematibus

312 1375 315 1383 ι
331 1329 557 1407 disserentis:
574 1330 763 1407 exordium
780 1332 928 1405 confuse
943 1352 1159 1432 conceptum
1172 1353 1207 1409 et
1221 1345 1353 1409 errori·

330 1453 399 1526 bus
416 1471 575 1544 scatens,
594 1454 658 1527 sed
671 1474 874 1531 memoratu
893 1458 1065 1557 dignum,
1091 1468 1228 1561 quippe
1250 1463 1353 1561 quod
1459 1484 1463 1493 ·

331 1586 521 1678 opiniones
536 1580 727 1651 hominum
744 1581 902 1654 diversas
914 1601 1197 1676 commemoret,
1217 1612 1353 1661 versus·

331 1721 403 1793 que
421 1692 551 1767 referat
579 1694 752 1769 doetrinae
780 1696 828 1773 ah
853 1704 1064 1795 Anaxagora
1096 1699 1234 1795 traditae
1252 1706 1353 1773 Euri·

331 1818 407 1919 pidi
438 1834 705 1919 congruentes,
738 1825 802 1918 qui
828 1824 866 1894 in
895 1822 1097 1921 tragoedia¹
1121 1823 1258 1923 perdita
1277 1825 1353 1899 haec

331 1941 462 2017 ellatur
480 1972 488 2013 ε

479 2147 520 2230 de
538 2154 658 2245 οὐρανός
673 2178 706 2219 τε
719 2153 793 2246 aulaei
806 2149 835 2219 τ’
848 2151 883 2227 ἦν
900 2158 998 2247 μορφὴ
1013 2156 1079 2247 μία.

475 2264 551 2336 Ἐπεὶ
565 2258 801 2360 δ’ἐχωρίσθησαν
818 2269 959 2343 &aalma
980 2261 1070 2362 δίχα,

476 2381 618 2449 Τίκτουσι
631 2382 736 2448 πάντα
750 2374 927 2449 κάνέδωκαν
947 2383 987 2461 εἰς
1007 2390 1102 2475 φάος,

477 2489 610 2590 Δένδρη,
629 2497 771 2584 πετεινὰ,
791 2499 904 2591 θῆρας,
922 2502 970 2577 οὕς
989 2498 1102 2591 θ’ἄλμη
1121 2500 1221 2592 τρέφει

475 2615 561 2691 Γένος
578 2614 612 2680 τὲ
629 2613 755 2687 θνητῶν.

377 2834 451 2922 Qui
474 2845 592 2904 tamm
610 2856 732 2903 versus
755 2835 991 2928 cogitationes
1013 2855 1144 2929 parum
1170 2831 1353 2914 illustrant

330 2959 568 3054 Anaxagorae,
588 2960 652 3051 qui
676 2958 816 3053 primus
832 2980 948 3026 unum
968 2959 1196 3051 potissimum
1215 2981 1350 3028 numen

330 3084 504 3151 universae
532 3103 657 3151 rerum
681 3093 816 3151 naturae
843 3075 990 3152 subesse
1016 3076 1211 3152 affirmavit
1225 3105 1235 3148 ι
1250 3080 1353 3174 quod

330 3203 479 3300 quidem
498 3203 692 3276 clarissime
721 3208 956 3274 enunciatum
983 3202 1097 3276 habes
1119 3201 1218 3300 apud
1241 3207 1353 3275 Hero·

329 3327 458 3401 dotum
490 3333 554 3425 qui
587 3352 687 3400 more
725 3325 974 3425 perfunctorio
1010 3332 1235 3423 maximaque
1268 3351 1351 3398 cum

329 3452 553 3550 simplicitate
577 3451 774 3549 legentium
800 3457 939 3524 animos
964 3450 1010 3526 de
1030 3450 1221 3522 altioribus
1244 3455 1353 3524 etiam

330 3590 372 3647 ut
388 3574 610 3676 meditentur
625 3563 791 3671 impellit.
810 3574 1017 3647 Herodotus
1036 3599 1112 3650 rem
1127 3599 1147 3646 a
1162 3579 1354 3672 posteriori

329 3723 492 3793 agressus
507 3703 573 3768 Dei
594 3702 815 3770 existentiam
837 3691 1073 3788 demonstrat,
1088 3720 1350 3791 causarumque

329 3822 495 3896 finalium
529 3836 782 3920 argumentum
813 3822 959 3896 indicat.
996 3829 1052 3896 Sic
1082 3809 1353 3894 foecunditatem

330 3946 540 4018 animalium
557 3947 702 4022 utilium
726 3971 767 4018 ac
786 3962 1077 4032 mansuetorum,
1107 3958 1350 4042 comparatam

362 4135 369 4159 ¹
389 4123 491 4183 Scilicet
504 4124 658 4188 uaedam
667 4123 745 4178 dicta.
756 4124 793 4178 cl.
805 4123 880 4182 Diod.
892 4122 953 4185 Sic..
967 4121 983 4172 l.
999 4125 1058 4184 1,t.
1071 4129 1091 4182 a,
1105 4135 1129 4184 u.
1140 4123 1182 4183 25,
1193 4118 1233 4172 od.
1247 4119 1353 4172 Wessel.
