3484 5225
830 596 989 651 ..42-

400 736 466 793 est.
484 717 694 819 Noricum,
713 723 780 792 nisi
795 724 949 819 pecunia
964 718 1060 807 data,
1072 718 1233 793 obtinuit
1247 742 1419 819 responsa
1495 784 1499 791 .

399 843 661 945 prophetarunt
682 844 899 945 Trophonii,
922 844 1094 934 Abarum,
1115 846 1291 945 Apollinis
1316 850 1421 919 Isme-

400 975 468 1061 nii‚
495 969 728 1068 Amphiarai,
756 970 930 1068 Apollinis
962 974 1075 1043 Ptoi¹.
1108 968 1206 1043 Nihil
1236 970 1420 1045 sordidius

398 1108 471 1185 est,
501 1094 593 1167 nihil
620 1097 764 1193 turpius
795 1093 965 1165 aviditate
992 1109 1029 1165 et
1057 1100 1228 1194 spurcitia
1254 1121 1329 1191 qua
1359 1099 1416 1168 isti

398 1234 616 1292 veteratores
654 1224 707 1291 rei
747 1204 1091 1317 divinae·‘³qtiaestum
1130 1219 1320 1293 iaciebant.
1368 1225 1419 1293 Ea

399 1344 533 1418 scilicet
557 1343 627 1416 fuit
648 1331 1016 1435 oracutorum'ltdes,
1036 1370 1198 1441 quorum
1225 1354 1420 1418 auctoritas

399 1472 437 1541 in
469 1469 670 1544 multorum
695 1476 823 1542 animis
841 1472 916 1567 jam
947 1474 1137 1541 immunita
1160 1484 1253 1558 erat,
1284 1466 1420 1566 quibus

400 1619 488 1667 rero
504 1594 735 1685 Herodotus,
758 1612 793 1668 et
817 1620 900 1667 cum
923 1620 967 1665 eo
986 1594 1046 1666 alii
1063 1594 1183 1693 plures
1198 1598 1307 1665 etiam
1322 1618 1419 1667 rtunc

400 1717 575 1791 fidebant.

405 1870 409 1874 '
448 1843 633 1918 Interdum
664 1841 757 1915 facta
796 1841 974 1943 praedictis
1008 1842 1234 1941 respondisse
1268 1848 1442 1915 miratur.

399 1948 623 2058 Herodotus3
642 1966 705 2041 sed
721 1970 864 2041 animus
880 1974 993 2039 insite
1016 1969 1089 2064 jam
1119 1983 1222 2040 antea
1238 1971 1420 2066 opinionis

399 2097 437 2164 vi
470 2108 616 2191 captus,
650 2093 754 2166 facile
783 2099 827 2164 in,
848 2092 1098 2166 credulitatem
1129 2091 1266 2165 incidit.
1295 2094 1420 2183 Quum

398 2222 495 2290 enim
521 2217 648 2315 Pythia
670 2242 736 2315 per
759 2221 835 2288 inca
852 2221 1016 2314 πτερόεντα
1036 2216 1288 2315 responderet,
1305 2222 1330 2287 ii
1354 2220 1420 2313 qui

398 2366 479 2413 eam
505 2341 712 2413 consultum
737 2341 952 2431 veniebant,
981 2340 1115 2414 tabulis
1137 2340 1332 2413 inscribere
1358 2340 1420 2411 're-

397 2490 533 2565 sponsa
546 2466 750 2558 debebant,
771 2482 835 2539 aut
854 2470 1029 2538 memoria
1057 2466 1223 2537 retinere.
1242 2470 1312 2554 lta,
1336 2443 1420 2537 cunr

399 2615 466 2663 nec
479 2595 576 2690 ipsa,
598 2617 665 2663 nec
682 2591 868 2692 prophetae
890 2617 1032 2689 eaquae
1053 2592 1160 2664 semel
1177 2590 1275 2664 dicta
1297 2603 1419 2680 erant,

398 2721 617 2805 reviserent,
647 2715 838 2812 oraculum
865 2715 976 2788 verba
1003 2721 1070 2814 ipsi
1101 2714 1280 2814 adscripta
1309 2714 1419 2786 dene·

399 2837 507 2938 gandi
533 2852 747 2934 potestatem
766 2837 936 2913 habebat.
958 2844 1128 2911 Praeterea
1156 2864 1220 2910 ore
1247 2838 1419 2936 ambiguo

399 2964 535 3063 Pytlriae
565 2962 669 3062 loqui
693 2963 874 3063 placebat,
899 2971 949 3036 ita
977 2979 1018 3037 ut
1043 2963 1295 3036 diversissimis
1318 2964 1421 3036 locus

400 3104 492 3162 esset
507 3089 875 3187 interpretationibus.
893 3089 964 3160 lllae
979 3087 1136 3185 denique
1154 3087 1421 3188 praedictiones,

399 3216 568 3312 quamvis
595 3212 710 3284 verbo
738 3229 843 3285 tenus
870 3213 1005 3295 relatae,
1031 3237 1105 3286 non
1133 3218 1200 3284 nisi
1227 3237 1292 3312 per
1307 3211 1420 3286 libros

400 3339 507 3413 nobis
529 3344 788 3428 innotuerunt,
813 3358 854 3414 ut
884 3366 947 3440 per
967 3340 1144 3413 Herodoti
1173 3337 1286 3439 opus,
1304 3339 1420 3411 multo

401 3481 567 3563 tempore
591 3472 744 3565 scriptos
773 3469 1048 3566 posteaquam
1071 3444 1242 3564 responsa
1266 3465 1421 3537 *fuerant

400 3587 496 3661 «lata.
514 3588 610 3661 Nihil
626 3614 711 3662 saue
729 3589 898 3688 estquod
916 3597 1043 3664 eorum
1061 3589 1173 3662 fidem
1186 3589 1294 3664 nobis
1309 3605 1420 3664 attes-

401 3726 515 3801 tetur;
533 3716 609 3807 imo
632 3712 698 3786 ubi·
721 3712 830 3786 solito
855 3715 1018 3814 longiora
1046 3729 1153 3806 sunt,
1168 3734 1420 3814 ‘personasque

399 3853 437 3910 et
472 3836 564 3910 laeta
595 3837 709 3909 oculis
752 3843 885 3910 uostris
925 3837 1143 3935 subjiciunt,
1178 3841 1261 3934 quae
1301 3850 1421 3910 mente

401 3966 595 4064 anticipare
612 3987 687 4036 non
702 3979 758 4036 est
773 3961 964 4063 possibile,
983 3988 1103 4046 nonne
1124 3961 1351 4036 manifestum
1369 3975 1423 4032 est

434 4152 441 4179 ¹
461 4145 532 4205 tien,
550 4153 615 4206 rur,
635 4144 689 4204 1³³,
706 4144 761 4193 1³5.
