3484 5225
835 606 996 658 *M—

403 740 434 807 si
448 734 586 807 bellum
609 732 760 806 inferret
773 736 904 822 Persis,
929 754 1098 827 magnum
1121 752 1333 802 eversurum
1348 752 1425 801 esse

404 864 609 959 imperium.
624 860 709 949 Quo
724 881 896 955 responso
917 860 1061 927 Croesus
1078 854 1310 926 vehementer
1328 858 1425 950 gavi·

391 990 480 1075 sus,
496 982 645 1056 oraculo
655 1006 700 1053 ac·
708 980 935 1079 Delphorum
953 978 1081 1061 incolis
1102 1004 1196 1065 nova
1211 983 1305 1049 misit
1317 978 1426 1068 dona,

406 1124 443 1181 et
466 1098 737 1206 'obtemperans
772 1110 949 1179 continuo
982 1106 1116 1202 Pythiae
1150 1108 1311 1192 monitis,
1346 1129 1427 1202 quae

406 1231 589 1304 interdum
617 1256 712 1302 cum·
735 1229 929 1328 prudentia
958 1229 1221 1327 congruebant,
1253 1228 1426 1301 auxilium

406 1361 508 1455 petiit
542 1380 562 1427 a
593 1353 887 1443 Lacedaemoniis,
923 1354 1062 1427 bellum
1089 1353 1262 1427 adversus
1289 1359 1426 1451 Cyrum

407 1480 645 1551 inchoaturus
673 1488 697 1548 ¹.
727 1484 922 1575 Postquam
961 1493 1082 1551 autem
1120 1504 1196 1551 rem
1236 1478 1428 1549 infeliciter

409 1606 591 1703 gessisset,
618 1618 776 1692 catenas,
796 1602 933 1699 quibus
950 1619 1033 1675 ante
1050 1608 1187 1675 veniam
1204 1628 1224 1677 a
1245 1607 1341 1700 Cyro
1359 1606 1427 1673 im·

412 1742 591 1827 porratam
622 1727 739 1799 fuerat
768 1732 926 1817 vinctus,
953 1727 1090 1826 Pythiae
1124 1732 1238 1817 misit,
1264 1752 1429 1827 quaerens

408 1851 509 1950 quod
518 1876 568 1939 se,
577 1876 697 1949 regem
706 1834 1013 1935 liberalissimum,
1027 1878 1095 1951 pro
1107 1851 1268 1925 ludibrio
1280 1852 1430 1925 habuis·

409 1993 473 2050 set.
497 1975 564 2049 Sed
591 1976 716 2074 Pythia
733 2002 800 2075 pro
822 2003 888 2049 suo
910 2002 1010 2048 more
1036 1977 1430 2076 respondit-immeritis

410 2106 524 2175 Croesi
543 2100 976 2189 accusationibus,dicens
988 2105 1153 2173 Croesum
1169 2102 1304 2173 malum
1321 2100 1430 2173 foisse

408 2232 663 2324 interpretem,
679 2226 870 2298 oraculum
885 2242 1006 2297 autem
1027 2250 1169 2324 semper
1183 2251 1266 2298 vern
1281 2226 1385 2323 loqui
1401 2236 1428 2295 ².

409 2358 582 2425 rraererea
607 2352 674 2424 alia
702 2377 852 2449 quoque
880 2352 1026 2425 oracula
1051 2358 1166 2425 Croesi
1193 2366 1328 2423 sortem
1353 2352 1429 2447 jam

410 2494 514 2553 antea
529 2476 781 2577 praedixerant.
801 2480 985 2577 Scriptum
1005 2484 1099 2549 enim
1129 2493 1206 2549 erat
1229 2480 1341 2576 Gygis
1363 2481 1431 2547 cri-

412 2630 495 2676 men
509 2600 685 2676 luendum
711 2627 786 2674 esse
805 2608 937 2699 quinto
961 2608 1103 2701 nepoti3
1122 2627 1188 2676 nec
1210 2601 1340 2700 Apollo
1355 2607 1431 2700 ipse

411 2731 526 2822 Μοίρας
549 2724 735 2796 decretum
760 2723 872 2795 valuit
895 2730 1104 2796 immutare.
1128 2729 1183 2797 Ita
1203 2723 1431 2796 lllermnada·

411 2875 492 2920 rum
529 2848 662 2920 familia
695 2861 830 2918 sortem
864 2845 938 2922 fato
975 2847 1186 2921 inexorabili
1220 2847 1431 2920 destinatam

410 2973 581 3074 defugere
603 2975 787 3070 nequivit,
814 2972 965 3070 perinde
990 2979 1093 3070 qnasi
1120 2973 1277 3044 infelices
1292 2970 1434 3057 Labda·

410 3097 574 3170 citiarum
595 3112 658 3169 aut
686 3096 941 3196 Pelopidarum
976 3114 1117 3198 gentes,
1150 3123 1310 3194 quorum
1341 3097 1435 3172 cata-

411 3228 554 3296 mitates
582 3235 718 3293 tantam
736 3221 922 3318 tragoediis
949 3229 1135 3294 materiam
1153 3222 1394 3321 praebuerunt.

459 3354 494 3422 Si
524 3347 717 3423 Medorum
747 3373 858 3447 porro
891 3347 1079 3422 historiam
1109 3362 1270 3448 spectes,
1308 3373 1433 3446 mago·

415 3499 495 3545 rum
512 3474 657 3546 oracula
673 3477 817 3572 Astyagi
833 3474 985 3547 consilio
1003 3499 1076 3546 esse
1094 3497 1235 3572 semper
1254 3472 1394 3546 videbis
1406 3465 1433 3542 ³.

413 3603 453 3670 ln
481 3603 632 3698 AEgypto
664 3624 751 3672 vero
772 3605 873 3672 Botis
900 3602 1036 3674 oraculi
1063 3607 1315 3674 auctoritatem
1340 3625 1434 3672 eam-

412 3715 497 3798 de‘m
514 3749 626 3822 quam
650 3728 688 3798 in
708 3729 846 3798 Graecia
861 3726 1039 3826 Apollinis
1057 3726 1177 3826 Pythii
1206 3728 1318 3802 fuisse
1335 3749 1437 3823 repe·

445 3977 809 4038 ¹wfflmmmu

448 4059 707 4125 'wfflmm

447 4151 796 4214 'mmmmm.
